4410 5910
254 379 344 480 548
1012 398 1164 454 ===

252 591 337 681 bili
366 615 411 678 et
438 587 613 681 animali
642 591 826 691 mixtus,
853 609 954 678 caet.
979 586 1067 678 hoc
1087 612 1335 707 exposcunt.
1402 589 1561 680 Contra
1581 594 1853 683 Pendulinum
1873 590 1953 680 mi·

255 778 331 832 nus
362 743 579 832 affinitatis
606 778 705 834 cum
733 747 848 834 Paris
875 745 1106 832 habentem
1134 744 1309 833 exclusi.

641 1077 767 1168 163.
856 1010 1146 1165 Pauus
1200 1071 1563 1192 uomryctua.

392 1287 439 1365 P.
469 1277 631 1368 vertice
661 1281 832 1369 cristato
846 1342 859 1380 ,
888 1281 989 1366 loris
1016 1277 1174 1396 nigris,
1204 1279 1450 1364 rectricibus
1479 1278 1600 1395 apice
1629 1280 1763 1367 flavis.

477 1436 673 1520 Garrulus
702 1433 955 1520 bohemicus
985 1435 1275 1548 antiquorum,
1325 1431 1547 1544 thtugtb.
1575 1463 1661 1516 orn.
1691 1469 1733 1550 p.
1762 1468 1831 1542 90.
1861 1438 1950 1524 tab.

534 1620 600 1671 2ο.
664 1590 757 1704 Raj.
787 1618 854 1670 ov.
887 1620 929 1704 p.
961 1600 1026 1674 85.
1091 1585 1622 1707 Albinouanum.
1689 1586 1848 1674 Frisclr.
1886 1623 1954 1676 au.

535 1739 619 1822 tob.
651 1752 716 1823 32.
735 1741 817 1851 fig.
857 1749 939 1821 1.?

354 1880 357 1885 ’
475 1889 672 2006 Ampelis
718 1887 942 1992 Garrulus,
999 1888 1094 1974 Lin.
1124 1895 1254 1972 Fauu.
1283 1915 1343 1974 su.
1374 1896 1409 1972 Ι.
1444 1924 1532 2001 ¹79·
1562 1896 1672 2006 Syst.
1706 1897 1806 1978 XII.
1843 1896 1879 1976 Ι.
1909 1924 1953 2009 p.

534 2078 627 2151 297.
656 2073 716 2157 sp.
754 2078 787 2128 1.

473 2196 639 2279 Turdus
669 2193 889 2299 cristatus,
930 2216 1063 2277 rostro
1093 2191 1214 2277 brevi
1244 2193 1464 2279 adortum
1491 2196 1605 2297 lato,
1660 2199 1784 2282 Klein
1813 2199 1952 2314 prodr.

533 2380 599 2431 av.
628 2380 667 2460 p.
702 2382 769 2454 70.
799 2380 836 2430 n.
869 2358 937 2451 34.
963 2355 1069 2429 icon.

474 2502 639 2585 Turdus
654 2495 922 2611 Bombycilla
936 2494 1191 2592 bohemica,
1219 2499 1400 2597 Bn'sson.
1421 2532 1506 2584 orn.
1528 2504 1583 2584 II.
1614 2534 1652 2614 p.
1678 2516 1775 2588 333.
1798 2534 1863 2616 sp.
1886 2516 1951 2588 63.

482 2648 637 2737 Lanius
668 2649 889 2744 Garrulus,
916 2652 1006 2734 Lr'n.
1037 2651 1166 2733 Faun.
1196 2680 1257 2734 su.
1286 2651 1342 2732 II.
1372 2662 1438 2734 82.
1467 2652 1585 2738 Zool.
1617 2654 1768 2738 britan.
1800 2653 1888 2738 tab.
1915 2683 1951 2737 c.

524 2809 610 2917 fig.
647 2838 679 2885 r.

480 2967 540 3047 Le
570 2963 714 3042 Jaseur
742 2955 795 3038 de
825 2950 1041 3051 Boheme,
1069 2955 1288 3038 D'oubent.
1320 2962 1420 3066 pict.
1450 2956 1535 3040 tob.
1566 2973 1658 3044 261.

396 3113 572 3200 Rossice
612 3112 847 3209 Swiristell,
901 3104 997 3191 aliis
1023 3102 1255 3220 improprie
1286 3107 1443 3207 So‘r'lra,
1498 3103 1605 3190 item
1632 3108 1947 3197 Chocttusctta

537 3269 581 3373 (a
613 3258 770 3369 crista).

391 3417 578 3506 Ostiacis
605 3420 757 3524 Kdlzy.
787 3411 1011 3497 Lettonice
1038 3412 1230 3496 Sit‘deast.

399 3575 449 3654 In
478 3565 848 3685 temperatioribus
877 3563 1050 3649 Rossiae
1092 3593 1307 3678 nunquam
1345 3562 1586 3668 nidulatur‚
1642 3569 1719 3652 sed
1749 3593 1947 3656 autumno

255 3722 426 3807 advolat
454 3718 792 3836 frequentissima
819 3742 863 3804 et
890 3716 1003 3802 circa
1031 3718 1185 3799 Sorbos
1214 3715 1403 3830 gregaria
1431 3739 1643 3821 versatur,
1685 3742 1734 3804 ut
1763 3722 1947 3838 migrati·

252 3871 345 3957 onis
381 3895 572 3989 ternpore
602 3870 819 3985 Petropoli
849 3873 901 3956 ab
931 3867 1160 3981 aucupibus
1201 3869 1349 3952 crebro
1377 3865 1566 3982 capiatur
1593 3891 1638 3953 et
1667 3901 1828 3959 renum
1856 3905 1944 3991 pro

254 4048 350 4113 atet.
419 4027 542 4110 Ultra
572 4024 748 4109 Carnam
775 4024 817 4105 fl.
848 4043 893 4105 et
919 4020 1122 4105 Uralcnse
1151 4024 1295 4131 jugum
1321 4017 1476 4103 sensim
1504 4019 1664 4119 rarior,
1706 4045 1752 4108 et
1779 4058 1860 4141 per
1887 4025 1945 4112 Si·

253 4176 409 4264 biriam
437 4180 624 4290 (praeter
651 4168 1054 4257 Verchotnriensem
1075 4193 1282 4270 tractum,
1310 4193 1448 4277 totum
1474 4171 1688 4285 sylvosum
1715 4198 1761 4260 et
1789 4203 1944 4265 monta·

252 4360 381 4434 num,
411 4326 487 4411 ubi
516 4355 592 4441 per
618 4345 753 4408 totam
782 4345 984 4407 aestatem
1012 4325 1258 4437 frequentes
1288 4332 1427 4435 sunt,)
1471 4322 1640 4409 nonnisi
1669 4329 1878 4441 sparsim,
1919 4360 1942 4412 a

253 4487 370 4567 Lena
410 4507 511 4563 vero
554 4473 765 4562 orientem
805 4503 946 4558 versus
988 4504 1193 4588 nusquam
1233 4477 1368 4560 datur.
1450 4475 1718 4587 Quibusdam
1760 4480 1880 4567 annis
1915 4509 1939 4562 a

253 4629 439 4717 maxime
467 4628 706 4715 borealibus
733 4656 819 4711 non
846 4625 1011 4711 recedit
1037 4647 1082 4709 et
1112 4655 1293 4742 aucupes
1328 4629 1575 4723 frustratum·
1617 4633 1842 4717 Aestatem
1867 4630 1940 4716 ibi·

255 4784 355 4871 dem
396 4778 594 4895 transigit
623 4800 667 4862 et
694 4801 795 4865 tunc
829 4807 905 4894 per
933 4775 1051 4894 paria
1079 4777 1242 4866 occurit
1267 4783 1438 4889 crebra,
1495 4781 1681 4868 fistulatu
1708 4782 1938 4903 intermpto
