4410 5910
264 427 350 484 110
1018 419 1168 451 ''¹¹¹-

366 623 601 740 Samojedis
624 624 822 733 arenga.
877 616 1062 706 oniacis
1088 620 1344 732 caeam&
1362 622 1466 714 abab
1481 621 1672 734 lingulis
1684 624 1949 741 (3th

420 783 580 866 schour.
639 768 974 859 camachaddis
1001 773 1257 857 Μῐὲεεαεσὶια.
1315 771 1518 858 coraecis
1544 774 1772 881 Kalatha·-⁸
1821 846 1828 867 „
1845 806 1865 847 ‹-
1941 846 1946 853 ,

392 951 442 1027 ln
471 964 630 1026 ooeano
650 931 854 1019 orientali
878 929 1253 1025 acamtschatico
1278 932 1422 1018 littore
1451 935 1562 1023 ultra
1578 938 1736 1025 fretum
1756 932 1948 1058 Beringii

255 1093 460 1213 usquein
488 1087 692 1175 arcticum
717 1112 925 1169 oceanum
950 1083 1146 1196 frequens
1165 1103 1257 1186 est,
1303 1084 1541 1201 iterumque
1565 1083 1614 1171 -in
1642 1089 1750 1175 mati
1771 1092 1880 1178 albo
1895 1110 1949 1187 'et

256 1277 416 1338 oceano
459 1237 720 1358 Lapponiam
748 1256 792 1319 et
820 1234 1106 1350 Spitsbergam
1125 1234 1317 1327 alluente
1344 1239 1548 1343 abundat,
1585 1260 1636 1323 et
1675 1240 1948 1356 copiosam.

253 1402 396 1520 pitur,
451 1414 622 1513 propter
654 1386 776 1474 coria
816 1387 906 1470 lora
938 1384 1172 1470 {latussima
1209 1385 1331 1500 operi
1371 1388 1645 1475 curriculario
1682 1392 1945 1507 praebentia.

257 1557 399 1639 Catuli
425 1546 583 1630 vellere
608 1537 789 1652 largiore
816 1534 1136 1651 uestiti,.plane
1162 1536 1358 1637 candidi,
1389 1539 1659 1653 pellitoribus
1681 1540 1947 1633 seminator

257 1703 368 1819 apud
394 1688 875 1808 Archangelopolitauos
898 1689 1035 1805 pelles
1061 1716 1207 1775 eorum
1232 1688 1553 1801 elegantissime
1579 1693 1799 1808 tingrnnnr
1824 1691 1946 1811 nigro

257 1855 419 1955 colore,
448 1871 497 1933 at
527 1849 633 1930 -fiant
660 1841 799 1927 Lutria
825 1837 1085 1925 simillimae.
1134 1838 1498 1927 ,canachadales
1511 1866 1556 1928 at
1588 1844 1822 1933 insulanuu
1853 1862 1942 1933 aar.

253 2036 319 2092 sus
347 1998 591 2089 Amerinam
616 1994 783 2079 incolae
804 1994 975 2077 evulsos
989 1992 1112 2106 pilos
1139 1991 1282 2078 radice
1308 1992 1413 2105 galii
1434 1996 1673 2096 -rabsnimo
1691 1997 1945 2091 colorem.

201 2232 208 2245 .
250 2177 376 2274 gunt,
426 2149 582 2237 deinde
611 2144 752 2231 nervis
777 2143 824 2229 in
846 2142 1037 2229 fimbrias
1059 2142 1377 2260 elegantissime
1396 2168 1611 2235 conruunt
1637 2176 1717 2265 pro
1734 2147 1944 2241 ornandis

256 2306 441 2395 vestibus
463 2296 695 2416 praecipue
722 2294 962 2383 mulierum.

389 2618 566 2701 Descr.
618 2607 872 2726 Magnitudo
899 2607 1211 2722 praecedentis,
1244 2637 1326 2724 qua
1347 2607 1486 2694 minua
1506 2609 1759 2715 ventricosa,
1813 2610 1949 2697 'forma

255 2767 395 2858 tmnci
423 2765 556 2880 magia
584 2764 865 2881 cylindraoea.
919 2763 1066 2875 Caput
1088 2758 1231 2843 minus
1259 2790 1385 2873 quarn
1421 2759 1498 2846 Pb.
1542 2760 1767 2867 vitulinae,
1804 2786 1946 2853 rostro

255 2922 464 3039 producto
491 2917 642 3005 latiore
680 2935 728 2998 et
767 2910 1046 3028 depressiore,
1083 2910 1334 3024 vpraesertim
1377 2911 1506 2998 labiis
1536 2916 1588 2998 ad
1608 2914 1749 3002 latera
1766 2914 1964 3037 erasos,

256 3069 527 3158 tumentibus.
585 3071 627 3152 V
622 3097 763 3154 arnaco
790 3061 1077 3148 infraocularis
1101 3062 1253 3146 bireta.
1309 3067 1523 3176 Mystuces
1547 3065 1819 3168 creberrimi-3
1856 3066 1950 3151 bre.

255 3222 414 3326 v'iores,
451 3219 684 3321 tenuiores,
725 3244 858 3331 usque
889 3216 942 3298 ad
970 3245 1114 3297 nasum
1143 3214 1294 3328 sparsi,
1337 3224 1435 3301 setis
1475 3245 1560 3300 non
1589 3216 1829 3321 undulatis,
1872 3218 1952 3303 sed

255 3371 523 3489 aequalibus,
564 3364 723 3488 plania,
767 3363 1037 3479 ancipitibus.
1103 3370 1196 3448 llae
1225 3364 1271 3448 in
1298 3363 1447 3450 catulis
1483 3364 1618 3452 niveis
1664 3397 1822 3453 corneo
1837 3370 1958 3454 ·fus·

252 3546 488 3627 crescentes,
516 3522 564 3605 in
593 3518 748 3605 adultis
775 3520 1026 3601 flavescente
1040 3564 1054 3577 ·
1067 3516 1220 3600 fuscae.
1287 3518 1457 3604 Palmae
1496 3516 1769 3634 proportione
1793 3488 1950 3605 'ruino-

254 3706 340 3780 res,
382 3705 508 3789 quarn
547 3669 729 3758 Phocoe·
743 3668 940 3770 caninae,
979 3665 1124 3781 digitis
1152 3667 1508 3781 aequabilioribus
1525 3691 1770 3754 extrorsum
1797 3698 1956 3785 parum

256 3824 518 3940 longioribus
559 3821 850 3937 unguibusque
891 3815 1139 3902 minoribus.
1206 3822 1379 3905 Plantae
1405 3818 1557 3905 itidem
1584 3821 1716 3932 longe
1739 3820 1951 3924 minores,

254 4005 335 4061 nec
363 3977 567 4077 furcatae,
610 3973 685 4057 sed
713 3968 970 4085 expansione
1016 3971 1228 4083 aequales,
1272 3970 1480 4084 unguibus
1507 3970 1661 4055 itidem
1690 3968 1942 4057 minoribus.

254 4128 403 4213 Cnudo
429 4125 565 4211 multo
585 4121 786 4239 pilosior,
829 4123 939 4206 unde
960 4120 1236 4205 teretiuscula
1265 4143 1460 4236 apparet,
1504 4150 1649 4206 revera
1681 4143 1834 4206 tamen
1876 4124 1955 4208 de-

253 4307 397 4395 presso
425 4305 591 4392 anceps.
654 4277 769 4360 Pilus
796 4272 961 4357 adultae
1004 4271 1256 4386 aequabilis,
1299 4270 1533 4375 unicolor,
1553 4274 1732 4357 'Harena
1803 4276 1961 4360 Catuli

255 4430 412 4515 vellere
441 4426 616 4533 laxiori,
643 4425 875 4528 teneriore,
918 4423 1206 4524 mollicaculo,
1249 4423 1409 4530 nitido,
1449 4422 1533 4510 tuti
1563 4424 1693 4511 nivei
1731 4424 1955 4512 candoris.

253 4584 325 4668 Au
352 4578 437 4671 buc
463 4578 542 4671 Ph.
570 4577 742 4698 hispida
775 4575 1050 4665 Schreber?
1762 4582 1770 4601 ·
