4410 5910
255 417 347 504 344
1022 402 1172 464 Ξ

251 608 469 740 parentes,
512 638 561 701 ut
597 613 685 701 fere
720 611 1001 733 praecipitem
1041 610 1294 728 dejecerint3
1326 609 1566 700 ¹Vulnerata
1606 637 1749 702 autem
1791 612 1951 708 femiur

253 773 474 858 avolarunt
503 770 648 873 amb0,
677 799 757 854 nec
792 798 869 884 per
897 766 1075 854 biduum
1101 790 1249 883 postea
1273 770 1521 854 observatae
1554 769 1611 852 ad
1639 767 1791 854 nidum
1818 772 1950 861 redis·

249 946 370 1023 runt,
413 922 517 1007 licet
554 919 601 1005 in
640 920 837 1038 opposita
878 950 1005 1036 rupe,
1047 918 1168 1033 quasi
1208 920 1419 1035 lugentes,
1461 919 1623 1036 saepius
1664 921 1949 1011 considerent.

253 1074 361 1164 Avis
387 1074 433 1158 in
462 1103 614 1187 genere
652 1073 858 1177 animosa,
902 1071 1177 1177 astutissima,
1221 1071 1545 1187 circumspecta,
1588 1074 1772 1160 multum
1804 1076 1950 1165 talem

253 1224 409 1329 oculis,
440 1226 662 1326 iracunda3
690 1223 850 1342 phocas
877 1225 1063 1339 juniores
1090 1254 1115 1308 e
1145 1223 1290 1310 medio
1316 1224 1421 1310 mari
1440 1223 1552 1340 rapit
1579 1248 1623 1308 et
1650 1224 1697 1310 in
1725 1257 1853 1344 rupes
1879 1230 1951 1315 de·

252 1379 349 1463 lert.
406 1379 592 1494 Vulpem
619 1379 877 1494 lagopodem
906 1380 958 1462 ab
987 1407 1038 1461 ea
1067 1377 1275 1461 sublatam
1300 1399 1346 1461 et
1373 1375 1545 1492 rupibus
1573 1374 1756 1481 illisam,
1786 1403 1948 1496 postea·

253 1560 337 1647 que
367 1529 613 1616 dilaniatam
640 1530 752 1616 vidit
777 1533 983 1616 Stellerus.
1039 1530 1164 1615 Vivit
1196 1528 1330 1615 etiam
1361 1527 1478 1615 circa
1505 1560 1619 1617 mare
1650 1532 1803 1646 ejectis
1830 1535 1949 1621 cad»

253 1682 423 1768 veribus
452 1706 496 1767 et
524 1681 650 1767 maris
677 1683 962 1797 purgamentis
992 1681 1132 1769 variis.

390 1837 563 1922 Descr.
619 1834 780 1949 Aquila
807 1837 1008 1922 Albics'lls
1035 1841 1169 1950 major
1195 1856 1278 1941 est,
1308 1841 1481 1952 ejusque
1501 1835 1665 1925 habitu.
1722 1839 1845 1925 Mole
1864 1840 1947 1926 lero

251 1987 441 2074 maxima
475 1987 521 2071 in
558 2018 632 2072 suo
668 2016 836 2101 genere.
855 2039 913 2056 -
945 1992 1138 2074 Rostrum
1170 2017 1390 2102 magnum,
1431 1989 1723 2092 flavissimum,
1766 2024 1792 2079 e
1832 2014 1945 2080 recto

252 2141 519 2244 ominatum,
554 2171 859 2256 compressum,
903 2170 1163 2240 convexum,
1204 2139 1462 2255 marginibus
1490 2142 1690 2230 maxillae
1719 2143 1943 2260 superioris

253 2291 513 2379 curvilineis.
578 2296 685 2378 Cera
711 2295 840 2393 flava,
879 2323 1092 2392 convexa,
1133 2290 1304 2377 naribus
1332 2292 1503 2408 amplis,
1545 2295 1701 2400 oratis,
1747 2295 1940 2411 obliquis.

253 2446 383 2530 Frons
409 2466 454 2528 et
481 2476 577 2529 ursa
604 2444 706 2560 pilis
732 2444 915 2549 radiata,
952 2467 1050 2530 ante
1078 2446 1222 2530 oculos
1250 2465 1294 2528 et
1322 2443 1436 2530 eirca
1467 2445 1643 2547 rictum,
1685 2448 1794 2532 alba.
1854 2450 1940 2532 Vet-

252 2617 325 2682 tes
354 2618 398 2680 et
425 2608 564 2685 cervis
591 2621 682 2683 tota
709 2597 864 2714 plumis
893 2596 1122 2712 elongatis,
1151 2593 1420 2701 acuminatis,
1451 2599 1773 2714 grymo-canis,
1803 2599 1939 2686 medio

253 2745 623 2862 longitudinaliter
650 2749 790 2838 fuscis.
847 2755 1094 2869 supercilia,
1137 2780 1235 2836 area
1272 2777 1384 2865 pone
1424 2751 1570 2836 oculos
1611 2772 1656 2836 et
1684 2755 1784 2867 gula
1813 2754 1938 2868 nigro

252 2900 383 2987 fusca.
451 2907 615 3014 Corpus
649 2929 788 2992 totum
815 2937 940 3021 supra
974 2901 1309 3017 fusco-nigrum,
1351 2902 1506 3019 plumis
1535 2903 1656 3021 apice
1683 2934 1939 3022 grymo-ex·

251 3053 418 3158 soletis3
460 3059 706 3173 scapulares
742 3087 905 3174 pennae
942 3086 974 3141 s.
1011 3056 1077 3140 ala
1105 3053 1245 3170 spuria
1273 3053 1406 3170 nigra.
1468 3057 1621 3143 Subtus
1647 3059 1786 3160 lusca,
1827 3055 1938 3174 apice

251 3228 297 3292 et
325 3204 478 3294 rhachi
506 3211 744 3325 plumarum
765 3205 1277 3325 grymo-canescentibus.
1342 3209 1626 3325 Uropygt'um,
1656 3221 1831 3296 cn'ssum
1850 3237 1938 3295 cun

251 3361 390 3447 cauda
418 3383 531 3467 tota,
560 3364 721 3448 alarum
749 3360 945 3464 brachia,
972 3389 1072 3446 curn
1101 3364 1217 3445 ulula
1242 3382 1289 3442 et
1312 3363 1609 3466 uestitricibus,
1637 3365 1865 3472 funeralis
1888 3408 1941 3437 -ι

249 3511 473 3628 purissime
503 3517 697 3602 candida.
762 3523 868 3601 Alae
895 3511 1119 3598 dimidiam
1144 3513 1322 3596 caudam
1351 3534 1596 3626 aequantes,
1638 3511 1829 3599 brachiis
1855 3514 1941 3599 sub

249 3682 317 3744 tus
344 3662 465 3776 nigro
492 3665 732 3780 variegatis.
791 3673 979 3780 Remiges
1009 3681 1074 3768 24.
1102 3661 1268 3776 nigrae,
1297 3664 1566 3750 secundariae
1595 3661 1760 3777 aliquot
1789 3666 1836 3751 in
1862 3692 1937 3749 me-

252 3809 327 3896 dio
354 3841 505 3928 gryseo
533 3840 853 3933 conspurcatae3
896 3827 1115 3930 primariae
1163 3849 1223 3900 ιο.
1258 3846 1434 3931 quarum
1463 3854 1502 3929 7.
1530 3815 1691 3932 priores
1733 3816 1937 3902 exteriore

251 3963 416 4050 vexillo
445 3990 706 4084 angustatae‚
738 3973 919 4056 secunda
939 3967 1196 4081 longissima.
1259 3969 1462 4056 Tecti-icas
1486 3969 1750 4056 concolores.
1800 3968 1938 4075 Caudc

249 4115 543 4224 cuneiformis‚
573 4121 823 4239 latipennis,
852 4120 1100 4208 rectricibus
1126 4121 1468 4234 quatuordecim,
1507 4120 1613 4208 totis
1641 4121 1773 4226 albis,
1820 4114 1936 4208 sends

248 4268 417 4354 usculis.
480 4274 629 4359 Tibiae
657 4276 766 4361 ultra
795 4275 985 4361 medium
1011 4274 1248 4387 plumosae,
1284 4272 1471 4358 exterius
1499 4274 1628 4377 albis,
1655 4273 1861 4361 interiore
1884 4270 1932 4355 lt·

248 4439 339 4502 tere
369 4422 493 4508 fuscis
521 4427 699 4541 plumis:
741 4430 853 4513 nuda
889 4459 983 4543 pars
1019 4456 1116 4511 cum
1144 4425 1290 4542 digitis
1319 4426 1566 4528 flavissima;
1609 4424 1736 4542 urges
1761 4423 1932 4512 brevius

249 4571 363 4674 culi,
406 4579 549 4660 subtus
591 4581 764 4695 papillis
807 4579 972 4665 corneis
1015 4579 1217 4694 asperati,
1268 4576 1383 4694 plica
1423 4578 1681 4665 intermedia
1722 4578 1800 4664 vix
1837 4573 1927 4669 ulllt

253 4734 437 4839 porticus
459 4751 501 4812 et
523 4739 687 4816 interior
711 4734 989 4818 robustissimi
1013 4755 1055 4817 et
1078 4731 1275 4817 maximis
1297 4731 1490 4817 instructi
1513 4732 1742 4847 unguibus,
1770 4734 1925 4818 aba&

253 4876 553 4965 subversatrlis.
615 4885 782 5003 Ungues
809 4889 897 4972 fere
935 4886 1285 4994 semicirculares,
1322 4884 1520 4994 maximi,
1560 4884 1683 4974 lusci.
1753 4886 1921 4985 Mem
