4410 5910
936 384 941 393 ¹
1028 347 1189 423 μ’
1863 346 1966 439 9794

255 546 466 639 circulum
491 541 740 633 arteriosum
766 539 1037 629 Nocltianum
1067 542 1317 660 appellavit,
1348 541 1575 660 aequabilis
1586 545 1734 650 ductu,
1762 548 1859 643 sine
1885 581 1956 638 aa·

254 700 458 797 tractibus
487 695 734 815 dispositum
762 707 904 785 tertius
930 694 1220 803 tenuissimus,
1264 697 1395 814 ipsius
1423 698 1613 816 pupillae
1642 730 1760 787 oram
1787 725 1949 816 tegens

254 876 301 947 et
327 856 383 939 ab
410 883 482 939 ora
511 849 585 936 vix
620 872 768 966 quarta
803 871 925 964 parte
963 847 1103 934 lineae
1138 872 1343 950 remotus,
1386 882 1526 965 neque
1566 855 1639 939 Ru
1646 860 1838 965 ysclrio
1873 886 1956 942 nec

252 1007 424 1095 Hosio
451 1004 611 1108 dictus,
654 999 901 1088 tenuissimo
929 1000 1055 1088 serici
1081 1003 1154 1088 filo
1183 1004 1390 1117 aequalis,
1435 1035 1522 1089 non
1550 1004 1795 1108 continuus,
1823 1008 1898 1093 sed
1928 1038 1952 1092 e

251 1160 418 1247 duobus
446 1155 625 1243 vasculis
654 1153 879 1270 oppositis,
918 1156 972 1239 ad
998 1153 1207 1271 pupillam
1234 1126 1459 1242 *bifurcatis
1495 1157 1542 1287 in
1576 1155 1800 1244 circularia
1835 1191 1956 1247 crura

254 1309 511 1409 efformatis,
539 1336 647 1422 quae
676 1305 781 1391 licet
808 1305 1010 1392 extremis
1038 1310 1129 1392 lere
1155 1307 1375 1423 contigua,
1411 1331 1555 1394 tamen
1585 1310 1839 1414 anastomosi
1867 1342 1954 1401 non

253 1477 433 1563 oo'eunt,
461 1465 536 1547 sed
563 1463 719 1545 reflexa
745 1489 890 1544 versus
915 1456 1164 1553 choro‘idem
1185 1484 1417 1547 recurrunt.
1466 1468 1591 1547 Intra
1615 1460 1731 1549 hunc
1752 1463 1954 1551 intimum

253 1613 463 1707 circulum
491 1645 635 1727 margo
670 1609 860 1728 pupillae
902 1632 1095 1697 texturae
1142 1612 1390 1701 reticulatis.
1461 1623 1578 1701 Inter
1621 1615 1826 1701 circulum
1868 1645 1954 1702 me·

251 1766 375 1854 dium
403 1789 448 1851 et
475 1764 731 1882 pupillarem
758 1764 925 1849 vascula
952 1764 1182 1851 tenerrima
1209 1768 1450 1881 serpentina
1480 1768 1724 1882 aequalibus
1752 1768 1955 1854 interval·

252 1917 308 2019 lia
335 1918 576 2005 discurrunt
609 1915 765 2034 partim
800 1915 1055 2032 pupillarem
1091 1918 1297 2004 circulum
1337 1919 1561 2025 intrantia,
1603 1921 1760 2036 partim
1794 1923 1952 2005 reflexa

251 2094 300 2163 ot
325 2075 381 2158 ad
411 2070 600 2156 medium
627 2056 835 2155 circulum
860 2069 1132 2169 revertentia.
1151 2123 1211 2140 -
1237 2078 1287 2156 In
1309 2076 1462 2158 eodem
1490 2074 1668 2159 duorum
1696 2072 1952 2159 circulorum

250 2222 481 2315 intervallo
509 2223 677 2308 vascula
705 2251 843 2315 serosa
870 2220 1113 2344 serpentina
1140 2221 1322 2338 plurima
1355 2255 1498 2312 versus
1525 2225 1781 2341 pupillarem
1809 2223 1950 2311 sinum

252 2379 502 2479 decurrunt,
533 2371 769 2491 simplicia,
796 2395 841 2458 et
867 2374 1023 2489 partim
1051 2378 1208 2460 reflexa
1242 2375 1312 2460 via
1350 2380 1404 2463 ad
1441 2377 1581 2463 sinum
1616 2375 1806 2462 medium
1833 2378 1953 2462 rede·

252 2528 389 2625 untia
416 2508 616 2613 streonae
644 2524 830 2611 mediam
861 2523 1085 2643 sphaeram
1111 2526 1248 2643 cingit
1281 2537 1496 2615 vasculum
1523 2527 1798 2644 sanguineum
1826 2539 1952 2616 circu

252 2688 363 2786 lma,
393 2681 447 2765 ad
471 2679 593 2794 quod
617 2678 787 2764 vascula
814 2679 1047 2766 rubicunda
1074 2679 1196 2766 nervi
1231 2680 1369 2797 optici
1397 2685 1645 2769 decurrunt..
1659 2732 1715 2748 --
1743 2688 1950 2768 Humores

254 2831 373 2930 oculi
402 2830 568 2917 vitreus
590 2854 635 2917 et
659 2826 930 2948 crystallinus
959 2834 1047 2918 lere
1076 2855 1123 2918 ut
1150 2832 1197 2919 in
1225 2834 1581 2960 quadrupedibus.
1625 2837 1736 2920 tort
1753 2836 1955 2927 maduerit

254 2984 648 3105 quinquepollicari
688 2989 741 3073 ab
783 2988 909 3074 oculo
950 2984 1153 3074 distantia
1193 3017 1333 3079 versus
1374 2986 1526 3103 pinnas
1566 2986 1764 3103 utrinque
1805 2983 1955 3104 positi,

255 3139 415 3244 exiles,
453 3136 645 3236 rotundi,
680 3169 766 3225 non
794 3137 1046 3256 prominuli,
1081 3138 1193 3223 intra
1229 3138 1340 3225 cutis
1376 3163 1576 3245 atratum,
1617 3170 1703 3253 qno
1730 3136 1958 3253 -angrutati
2055 3179 2059 3187 ·

253 3315 373 3397 aunt,
410 3291 457 3377 in
493 3316 682 3376 meatum
709 3290 961 3406 ampliorem
987 3292 1172 3379 dilatati.
1227 3296 1391 3387 Meotrar
1419 3291 1654 3377 audinum
1673 3287 1955 3379 carneo-adi·

243 3426 406 3569 μήθ,
441 3443 570 3532 initio
607 3441 735 3559 digiti
769 3443 980 3543 crassitie,
1017 3443 1297 3560 cylindricus‚
1334 3440 1449 3525 intus
1484 3438 1738 3556 papillostrt,
1771 3436 1955 3556 tripalli·
2061 3525 2067 3538 ,

255 3599 349 3689 ceri
374 3596 645 3714 longitudine
672 3595 977 3713 pinguedinem
1005 3619 1124 3700 recta,
1158 3598 1415 3714 pervadens,
1452 3592 1553 3679 dein
1590 3614 1807 3700 arcuatus,
1839 3592 1956 3702 molo

258 3751 474 3854 dilatauit,
503 3751 616 3838 intus
637 3749 752 3867 poris
766 3747 900 3835 tribus
920 3748 1299 3864 longitudinalibus
1328 3719 1574 3851 connivens,
1602 3744 1848 3862 disparique
1863 3749 1956 3837 sd>

256 3904 415 3995 maria
441 3903 742 4021 aesquipollice
771 3926 893 3991 extus
921 3903 1207 4008 continuatio,
1245 3895 1359 3988 circa
1394 3897 1628 4012 marginem
1662 3894 1962 4003 conchoideae

257 4055 395 4175 partia
427 4055 533 4144 ossis
565 4057 725 4174 petrosi
761 4054 1011 4143 adnectitur.
1075 4059 1216 4143 Porcio
1251 4075 1363 4144 recto
1398 4074 1559 4143 meatus
1595 4071 1761 4137 condat
1798 4057 1955 4163 vagina
2065 4026 2071 4041 ¹

257 4233 440 4301 externa
476 4236 633 4308 crassa,
667 4208 915 4308 musculari,
959 4209 1129 4296 lacertis
1165 4203 1567 4322 longitudinalibus,
1601 4199 1786 4317 telisque
1822 4199 1960 4289 tendi·

256 4363 684 4453 neo-membranosis
710 4385 756 4449 et
782 4361 998 4449 cellulosia
1026 4383 1247 4462 contexta3
1288 4358 1483 4472 intraque
1512 4353 1624 4444 hanc
1652 4354 1870 4470 vaginam,
1901 4355 1960 4441 ol·

259 4541 355 4606 tera
382 4519 437 4605 ad
466 4521 537 4605 3'''.
566 4547 720 4616 crassa,
752 4516 946 4633 adiposa,
975 4513 1203 4599 albissima.
1259 4514 1406 4597 Altero
1434 4531 1737 4625 pammcator,
1769 4503 1965 4592 conchae

260 4674 455 4777 adnexa,
485 4636 650 4756 constat
678 4669 821 4755 tubulo
850 4666 975 4771 exili,
1010 4667 1137 4783 plane
1166 4663 1304 4752 libero
1331 4662 1443 4748 intra
1477 4658 1648 4747 thecam
1677 4658 1961 4776 compositam

257 4855 292 4919 a
312 4821 489 4942 duplici
514 4820 672 4910 lamina
707 4821 913 4910 randinco
926 4870 949 4888 -·
968 4823 1281 4929 membranam,
1324 4813 1715 4934 cartilaginibusqua
1743 4809 1963 4904 flexilibus
2108 4875 2113 4886 .
