4410 5910
281 437 367 545 148
1055 445 1201 503 Ξ

275 674 405 741 vatur.
462 658 511 737 In
539 640 791 767 quibusdam
819 647 973 766 hyeme
1001 673 1165 736 tantum
1193 650 1321 737 fascia
1351 683 1373 735 a
1401 651 1539 737 fronte
1564 653 1839 768 pardonum
1865 684 1958 774 gry·

271 837 362 911 sea,
392 805 524 891 latera
553 804 667 890 dorsi
695 826 933 889 canescunt.
991 803 1242 919 Plerumque
1269 825 1437 905 vertex,
1476 834 1572 889 cum
1599 827 1689 891 tota
1717 807 1884 894 cervice
1912 826 1959 895 et

270 957 399 1044 fascia
428 959 481 1043 ad
509 987 654 1041 nasum
679 978 896 1071 protensa,
926 959 1179 1071 dorsumque
1206 956 1291 1040 late
1320 984 1486 1070 grysea,
1525 956 1675 1041 aestivi
1701 957 1835 1044 instar
1859 955 1955 1076 pili,

268 1119 384 1224 cujus
411 1132 554 1194 tamen
583 1106 722 1224 apices
751 1108 955 1208 albicant;
984 1140 1103 1195 aures
1130 1107 1337 1194 anteriore
1365 1109 1515 1210 latere,
1547 1132 1591 1193 et
1618 1107 1807 1224 margine
1828 1107 1959 1226 posti·

266 1293 318 1349 co
348 1289 540 1377 gryseae3
583 1262 740 1345 caudae
776 1260 907 1346 etiarn
943 1262 1083 1346 areola
1111 1291 1232 1376 supra
1268 1257 1400 1374 nigra.
1458 1258 1529 1344 Sic
1557 1262 1699 1374 vulgo.
1755 1264 1885 1348 Calor
1908 1258 1956 1347 in

265 1410 335 1499 his
363 1412 667 1497 thermometro
694 1414 934 1527 exploratus
970 1427 1060 1511 103}
1087 1414 1201 1526 gnad.
1225 1408 1405 1496 Farenh.
1461 1413 1720 1514 Notandum,
1744 1409 1847 1498 huic
1872 1416 1955 1498 Va⁴

265 1565 408 1650 rietati
437 1593 553 1648 aures
582 1563 711 1648 etiam
739 1564 1011 1680 proportione
1039 1565 1166 1679 paulo
1194 1562 1405 1676 longiores
1432 1592 1543 1666 esse,
1582 1564 1697 1678 quod
1724 1560 1953 1679 hybridam

264 1713 577 1832 generationem
604 1719 881 1801 confirmaret.
909 1766 966 1782 --
993 1719 1230 1802 Clavicnlae
1261 1715 1308 1798 in
1336 1713 1550 1829 leporibus
1570 1743 1746 1828 parvae,
1773 1712 1822 1801 in
1844 1745 1954 1801 mus-

261 1867 368 1953 culis
396 1864 642 1970 haerentes,
673 1874 850 1981 majores
877 1890 1044 1973 tamen,
1075 1899 1201 1984 quam
1227 1865 1274 1951 in
1304 1864 1424 1965 feris,
1451 1887 1495 1949 et
1520 1885 1689 1952 teretes.

395 2104 439 2187 N
446 2125 532 2189 oto
558 2122 600 2210 4.
656 2104 876 2189 Aestivam
903 2101 1026 2219 hujus
1055 2105 1303 2189 varietatem
1330 2104 1377 2187 in
1404 2100 1576 2216 regione
1606 2099 1851 2189 Casaniensi
1878 2103 1949 2191 ob-

260 2252 444 2342 servavi:
498 2255 730 2340 lutescente
745 2308 759 2323 ·
775 2256 981 2362 albidam,
1023 2258 1145 2341 dorso
1187 2259 1441 2358 rufescente,
1498 2253 1665 2339 auribus
1705 2253 1846 2341 antioe
1886 2285 1947 2340 ru·

259 2404 534 2508 sescentibus,
578 2406 737 2522 capite,
780 2406 1028 2523 praesertim
1061 2409 1198 2493 fronte
1234 2405 1398 2492 intense
1425 2407 1502 2492 rufi
1529 2403 1683 2491 coloris
1709 2435 1807 2492 cum
1833 2428 1945 2494 nota·

260 2555 426 2662 mediae
452 2558 603 2644 frontis
632 2560 747 2664 alba,
776 2562 909 2645 cauda
936 2591 1059 2676 supra
1086 2562 1331 2646 rufescente.
1505 2555 1512 2567 '

643 2839 734 2932 66.
824 2840 1118 2932 LEPUS
1206 2838 1557 2931 timidus.

379 3075 427 3156 L.
441 3069 574 3157 cauda
586 3067 708 3154 brevi
722 3099 845 3183 supra
856 3067 986 3183 nigra,
1018 3067 1185 3154 auribus
1204 3068 1344 3185 capite
1357 3066 1631 3183 longioribus,
1661 3064 1784 3182 apice
1797 3069 1939 3186 nigris.

473 3227 611 3336 lepus
639 3218 834 3322 timidus,
864 3222 953 3302 Lin.
983 3241 1088 3331 syst.
1116 3223 1213 3303 ΧΗ.
1241 3227 1276 3304 Ι.
1306 3256 1346 3337 p.
1375 3256 1442 3331 77.
1471 3254 1533 3336 sp.
1568 3256 1603 3303 ι.
1643 3227 1844 3330 (exclusa
1870 3253 1940 3309 aa·

525 3382 616 3458 ries.
642 3374 708 3483 β.)
735 3372 940 3456 semeber.
970 3381 1178 3459 mammal.
1206 3376 1279 3458 IV.
1309 3407 1351 3489 p.
1380 3387 1476 3462 865.
1503 3374 1588 3460 aab.
1618 3386 1713 3460 aaa.
1742 3375 1799 3459 A.

471 3530 628 3639 lepus,
656 3526 837 3609 Brisson.
867 3526 1012 3642 quadr.
1041 3555 1083 3639 p.
1112 3541 1179 3631 94.
1207 3556 1269 3640 sp.
1305 3560 1339 3607 1.

471 3674 644 3776 Libvre,
673 3677 837 3784 Buffon.
866 3680 959 3760 hist.
989 3696 1073 3760 nat.
1103 3679 1174 3761 VI.
1208 3709 1250 3791 p.
1279 3690 1371 3781 246.
1399 3677 1484 3762 tab.
1515 3689 1582 3764 38.

472 3826 680 3911 Common
709 3831 839 3931 Hare,
882 3829 1078 3915 Pennana
1106 3859 1200 3943 syn.
1229 3860 1271 3944 p.
1301 3843 1394 3937 248.
1434 3863 1475 3916 ιι.
1510 3828 1746 3937 184.Zool.
1774 3828 1869 3916 brit.
1901 3861 1935 3913 r.

525 4007 625 4091 aas·
653 3988 720 4086 87·

362 4123 536 4212 Rossice
562 4131 722 4214 nassas
750 4128 820 4213 vel
847 4128 1000 4217 rectius
1032 4131 1211 4219 Tmssak
1238 4135 1371 4247 (quod
1398 4130 1598 4219 timidum
1627 4129 1696 4217 vel
1721 4128 1934 4247 trepidum

414 4277 651 4393 exprimit).
709 4280 878 4366 Polonis
905 4284 1070 4396 Zayak.
1128 4284 1364 4372 Calmuccis
1397 4287 1558 4372 Toolai.
1615 4281 1750 4369 Persis
1787 4304 1833 4368 et
1858 4287 1932 4369 a>

413 4426 553 4515 charis
582 4434 833 4545 Chargosch.
889 4434 1086 4520 Armenia
1118 4441 1328 4533 Toschan3
1362 4433 1608 4550 Georgianis
1640 4437 1867 4522 Urnhaeu

385 4606 436 4685 In
465 4601 638 4687 Rossiae
667 4606 934 4706 australibus,
969 4609 1077 4692 ultra
1107 4624 1216 4697 55¹¹¹¹¹¹
1245 4607 1480 4693 latitudinis
1509 4611 1694 4724 gradum,
1723 4603 1835 4694 haec
1846 4604 1928 4692 sol·

249 4750 410 4868 species
437 4753 639 4859 occurrit,
682 4780 729 4842 ut
755 4780 799 4842 et
825 4756 871 4843 in
901 4757 1075 4844 Polonia
1102 4781 1147 4845 et
1174 4758 1422 4863 Lithuania,
1465 4763 1578 4845 unde
1618 4742 1669 4844 in·
1709 4756 1924 4847 Livonian

249 4904 453 5022 nansfugi
479 4904 545 4996 ibi
571 4910 820 5001 Germanice
849 4943 874 5000 a
901 4912 1188 5004 venatoribus:
1216 4917 1427 5004 Littbauer
1443 4910 1720 5031 appellantur.
1777 4905 1922 5026 copie
