4410 5910
639 657 728 744 81.
820 647 871 739 M
900 647 941 736 E
967 645 1074 737 RO
1101 647 1138 734 P
1164 640 1194 731 S
1264 641 1554 762 Apioster.

388 803 450 884 Μ.
479 798 604 883 dorso
632 791 895 908 ferrugineo,
936 788 1163 876 abdomine
1201 788 1417 900 caudaque
1458 777 1589 871 viridi
1615 777 1945 883 coeruleseanoe.

224 929 350 1069 ¹gula
378 950 499 1066 nigro
527 946 761 1062 marginata
788 949 916 1048 flava,
947 940 1195 1028 rectricibus
1220 935 1375 1024 mediis
1404 934 1645 1048 majoribus.

471 1109 641 1216 Merops
668 1122 909 1196 auctorum,
944 1096 1167 1208 Willnghb.
1196 1096 1343 1178 ornith.
1373 1120 1472 1205 pag.
1508 1119 1597 1177 102.
1625 1087 1714 1175 tob.
1745 1104 1814 1192 24.
1856 1088 1949 1206 Μ.

526 1284 621 1365 syn.
651 1284 718 1336 ao.
748 1284 790 1363 p.
818 1268 886 1356 49.
913 1248 1055 1334 Albin.
1085 1280 1151 1331 ov.
1182 1250 1236 1328 Π.
1275 1243 1360 1328 tob.
1389 1260 1457 1346 44.

472 1412 672 1519 Merops,
713 1401 941 1517 Apiaster,
984 1395 1328 1514 Mellosophagus
1340 1455 1359 1496 ,
1405 1396 1616 1508 Arquatus
1655 1391 1703 1476 in
1748 1390 1951 1499 desertis,

530 1559 683 1640 Frisch.
719 1586 784 1638 ov.
815 1551 900 1639 tab.
932 1584 1024 1635 aar.
1057 1584 1150 1634 222.

344 1732 348 1739 ’
473 1705 690 1823 Apiaster‚
720 1711 902 1791 Brisson.
933 1736 1017 1789 orn.
1045 1705 1119 1786 IV.
1149 1733 1190 1815 p.
1220 1712 1314 1787 532.
1343 1730 1406 1815 sp.
1442 1731 1476 1782 1.
1565 1723 1568 1727 ·
1771 1780 1831 1823 ,¹

474 1868 645 1976 Merops
672 1857 889 1975 Apiaster,
915 1860 1006 1942 Lin.
1036 1876 1142 1968 syst.
1170 1858 1205 1937 I.
1235 1885 1276 1972 p.
1306 1863 1395 1938 162.
1423 1880 1485 1961 sp.
1521 1884 1555 1936 1.
1582 1850 1777 1934 hotham.
1807 1878 1877 1934 aa.
1898 1849 1950 1932 H.

529 2045 628 2129 pag·
659 2025 752 2122 667.
782 2043 821 2096 n.
858 2047 891 2095 1.

478 2172 538 2248 La
567 2171 743 2279 Merope
754 2225 768 2263 ,
798 2170 902 2249 Cetei
930 2195 995 2246 ov.
1024 2160 1186 2246 Sardio.
1217 2191 1258 2273 p.
1289 2171 1356 2264 93.
1386 2155 1470 2241 tab.
1495 2168 1534 2240 3.

368 2314 543 2403 Rossice
573 2318 747 2418 Schera,
776 2317 962 2432 Solotaja
989 2315 1170 2399 sceatta
1198 2331 1242 2395 et
1268 2308 1545 2395 Solstnsohnih
1571 2308 1794 2422 (auratus).
1862 2307 1951 2395 Cal·

425 2466 583 2550 muccis
611 2470 841 2551 Schurmor.

399 2619 471 2702 Ad
498 2625 661 2703 Tanain
689 2639 733 2701 et
760 2615 1005 2703 inferiorem
1033 2617 1236 2729 Volgam,
1277 2618 1365 2702 fere
1408 2618 1462 2702 ad
1502 2585 1789 2701 confluentem
1825 2640 1950 2726 usque

261 2775 419 2853 Kamae
448 2791 492 2853 et
520 2768 632 2855 circa
660 2767 907 2884 Rhymnum
933 2800 1064 2884 usque
1094 2772 1147 2855 ad
1174 2777 1324 2884 Jugum
1351 2769 1578 2865 Uralense,
1616 2764 1949 2878 frequentissima

261 2952 338 3037 per
364 2943 497 3006 totam
527 2944 728 3007 aestatem
757 2920 866 3021 avis,
909 2922 1015 3006 item
1044 2924 1097 3005 ad
1127 2919 1456 3036 Borysthenem,
1496 2920 1541 3004 in
1570 2914 1841 3004 Chersoneso
1867 2939 1947 3000 tau·

261 3072 349 3160 rica
376 3097 421 3159 et
449 3074 502 3158 ad
531 3079 684 3159 Istrum
708 3103 854 3187 usque.
917 3075 988 3158 Ad
1016 3072 1124 3158 Irtin
1151 3077 1193 3159 fl.
1224 3073 1377 3176 rarior,
1420 3100 1558 3187 neque
1585 3069 1764 3153 ulterius
1791 3071 1848 3152 ad
1876 3064 1950 3153 ori·

261 3249 406 3312 entem
434 3224 544 3327 visa,
588 3226 739 3311 desunt
765 3225 881 3311 enim
909 3226 1100 3341 regiones
1138 3248 1260 3342 aptae
1288 3248 1332 3311 et
1359 3231 1474 3342 Apes
1501 3252 1667 3341 parcae.
1736 3223 1951 3305 Advennt

262 3379 388 3493 paulo
416 3398 511 3492 post
539 3348 795 3462 Hirundines
822 3378 1016 3494 riparias,
1061 3401 1243 3463 exeunte
1284 3377 1443 3492 Aprili,
1485 3398 1531 3461 et
1564 3398 1710 3462 tamen
1737 3370 1950 3457 interdum

262 3535 377 3636 Maio
406 3526 628 3640 ingruente
658 3531 796 3613 denuo
822 3552 1072 3644 tempestate
1102 3527 1254 3644 frigida
1296 3550 1340 3611 et
1376 3529 1521 3613 nivosa
1561 3532 1627 3637 (ut
1663 3534 1804 3637 1773.)
1850 3527 1949 3608 tame

145 3702 149 3707 ·
262 3678 387 3794 perit.
443 3680 667 3764 Nidulotur
708 3711 804 3764 cum
845 3682 1081 3766 Hirundine
1118 3678 1291 3795 riparia,
1335 3679 1381 3762 in
1408 3679 1643 3795 praeruptis
1669 3677 1950 3763 limoso-are·

265 3829 398 3930 nosis,
428 3832 501 3910 sed
530 3828 726 3914 cuniculo
754 3832 1037 3947 amplissimo,
1067 3828 1289 3916 brachium
1317 3830 1442 3915 facile
1464 3829 1739 3935 admittente,
1769 3827 1949 3944 primum

266 3978 548 4097 sesquipedali
575 3981 662 4063 fere
690 3982 958 4096 longitudine
986 4006 1124 4086 recto,
1154 3982 1255 4067 dein
1285 3983 1568 4084 anfractuose,
1612 3978 1768 4095 quibus
1795 3976 1949 4097 procel·

264 4136 355 4222 losa
378 4151 630 4248 tempestate
657 4155 703 4217 et
731 4154 859 4218 noctu
887 4135 992 4218 latet
1026 4156 1070 4218 et
1103 4156 1206 4218 tuno
1233 4132 1359 4218 facile
1387 4134 1565 4248 capitur.
1631 4132 1731 4217 Ona
1769 4131 1950 4217 herisa-

263 4315 355 4383 ma,
381 4283 527 4387 nivea,
558 4286 827 4398 subglobosn,
857 4287 1103 4399 majuscula,
1134 4286 1221 4373 imo
1249 4293 1427 4399 majora,
1455 4315 1580 4399 quam
1609 4290 1814 4399 Upupae‚
1856 4310 1950 4398 pou·

264 4437 365 4520 dere
402 4437 529 4551 paulo
569 4437 678 4520 ultra
726 4435 1124 4550 sesquidrachmam.
1195 4441 1235 4523 V
1233 4446 1369 4525 olatns
1406 4434 1652 4538 altissimus,
1693 4434 1948 4533 celerrimus,

266 4589 355 4672 fere
383 4584 732 4688 hirundinaceus,
772 4620 870 4676 cum
896 4589 1099 4676 continuo
1108 4651 1122 4689 ,
1150 4589 1396 4706 praesertim
1430 4588 1596 4704 vesperi
1635 4608 1682 4672 et
1723 4591 1803 4674 sub
1844 4611 1948 4671 aum·

267 4769 356 4821 ram
385 4741 589 4839 fistulato,
627 4742 821 4826 Numenii
857 4752 1069 4858 Arquotoe
1109 4743 1373 4844 subaemulo,
1418 4743 1544 4858 longa
1582 4741 1858 4827 exaudiendo
1892 4760 1946 4820 so·

267 4916 387 4975 noro.
442 4892 582 4981 Pullos
609 4922 633 4978 e
661 4892 774 4980 nidis
802 4894 1003 4982 collectos
1031 4895 1149 4986 omni
1176 4922 1305 5012 opera
1334 4896 1512 4985 educare
1541 4915 1718 4981 conatus
1744 4924 1856 4995 surm
1879 4882 1945 4975 sod
