4410 5910
274 412 363 521 180
1050 424 1201 478 m

266 622 448 743 Georgia
493 625 708 746 frequensr
747 627 925 716 ulterius
959 656 1101 716 versus
1136 621 1335 711 Sibiriam
1362 651 1448 710 non
1475 625 1708 711 observata.
1777 623 1971 738 Caluino

266 779 311 869 ci
337 805 481 875 tamen
509 807 696 870 asserunt
723 783 769 868 in
797 782 962 869 altaicis
997 776 1238 866 nemoribus
1276 778 1382 864 dari.
1447 775 1660 884 Nidificat
1695 776 1743 867 in
1770 784 1965 873 arborum

266 936 409 1034 tamis.
465 936 640 1051 Frigido
670 951 765 1022 aere
794 937 938 1024 statim
964 956 1119 1050 torpet.

406 1093 583 1176 Desct.
642 1092 782 1175 Multo
809 1089 962 1176 minor.
1021 1092 1158 1202 Caput
1185 1113 1374 1194 ovatum,
1414 1087 1719 1196 acuminatum,
1760 1120 1864 1178 naso
1892 1094 1963 1179 ob·

265 1239 512 1335 tusiusculo.
590 1245 632 1327 V
628 1273 790 1330 enneae
832 1243 1142 1361 supraoculares
1183 1265 1229 1331 et
1263 1241 1477 1359 paroticae
1513 1240 1682 1356 bipiles.
1749 1244 1966 1355 Mystaces

268 1392 412 1508 capite
442 1395 672 1512 longiores,
709 1397 903 1513 plerique
932 1393 1058 1510 nigri.
1115 1398 1268 1482 Dentes
1295 1395 1499 1512 primores
1526 1394 1798 1494 lutescentes3
1836 1402 1965 1485 mola·

263 1576 329 1651 res
355 1546 512 1664 ubique
541 1549 748 1664 quaterni.
818 1551 942 1637 Oculi
970 1549 1093 1664 nigri.
1163 1551 1387 1637 Auriculae
1415 1544 1723 1665 prpminentes,
1766 1551 1962 1635 rotunda·

144 1782 147 1787 ,
266 1722 358 1808 tae,
388 1702 682 1805 nudiusculae,
712 1701 929 1818 pellucido
944 1754 957 1767 ·
972 1705 1265 1793 luscescentes.
1323 1705 1492 1787 Palmae
1506 1701 1835 1819 tetradactylae,
1863 1733 1963 1805 euru

263 1882 438 1951 uenuca
472 1853 670 1971 pollicari
707 1853 884 1953 mutics3
929 1863 1096 1972 plantae
1131 1856 1477 1970 pentadactylae,
1520 1851 1679 1968 pollice
1716 1853 1957 1956 remotiore,

264 2007 434 2120 [leugues
461 2005 654 2115 incurvi,
699 2005 959 2110 acutissimi,
1003 2008 1166 2113 albidi,
1209 2007 1437 2124 pollicibus
1477 2007 1718 2123 plantarum
1758 2006 1956 2105 minores,

260 2160 389 2267 Color
416 2191 540 2277 supra
577 2158 1007 2264 cinereo-lutescens,
1046 2164 1189 2247 subtus
1225 2157 1574 2261 albo-flavicaus3
1615 2155 1776 2247 limites
1805 2159 1957 2248 utrius

260 2339 347 2427 que
388 2311 543 2399 coloris
582 2310 788 2399 intensius
827 2311 1084 2400 flanicantes.
1158 2317 1290 2401 Frons
1330 2341 1568 2419 canescens.
1646 2312 1798 2421 Fpscia
1839 2313 1955 2431 nigre

261 2462 461 2580 utrinque
488 2464 797 2582 amystacibus
827 2468 881 2551 ad
911 2497 1028 2559 aures
1062 2465 1322 2558 continuata.
1378 2467 1507 2553 Pedes
1533 2462 1635 2553 albi.
1689 2468 1843 2557 canda
1872 2467 1955 2557 lon·

261 2614 456 2730 titudine
495 2617 709 2724 animalis,
753 2617 957 2724 disticha,
999 2618 1226 2715 latitudine
1266 2616 1492 2725 transversi
1533 2617 1681 2732 digiti,
1726 2618 1953 2707 flavicanti·

234 2791 382 2856 cana.
439 2774 479 2857 V
477 2777 579 2858 ellus
614 2793 751 2860 totum
787 2773 1105 2873 mollissimum,
1145 2775 1300 2888 lanugo
1333 2775 1462 2857 fusca.
1530 2772 1696 2865 Pondus
1722 2771 1848 2858 unius
1886 2801 1954 2861 utt-

261 2917 371 3006 cias.
424 2926 658 3040 longitudo
688 2929 748 3013 δ”.
779 2929 850 3037 7''‘.
880 2931 1113 3041 eademque
1142 2929 1315 3011 caudae.
1380 2929 1619 3010 intestinum
1645 2924 1929 3042 quintuplum.

695 3264 840 3369 xxr.
931 3218 1520 3369 nisenus

391 3524 442 3612 Si
469 3530 584 3643 quod
613 3525 751 3628 aliud,
793 3531 1007 3643 Dipodum
1033 3549 1148 3615 certe
1176 3554 1306 3641 genus
1336 3521 1472 3607 solum
1491 3544 1602 3620 stare
1624 3523 1775 3632 debet,
1802 3548 1873 3615 tot
1889 3549 1949 3616 αἱ

254 3674 428 3762 habitus
456 3702 500 3763 et
525 3704 755 3766 structurae
781 3679 828 3764 in
855 3711 910 3767 eo
937 3678 1173 3766 diversitas.
1230 3686 1286 3764 Et
1313 3675 1481 3763 videtur
1508 3706 1607 3763 sane
1634 3677 1828 3793 pluribus
1855 3711 1947 3768 con·

257 3849 367 3912 stare
403 3829 643 3944 speciebus,
686 3863 814 3948 quam
848 3863 956 3948 quse
992 3831 1196 3932 hactenus
1232 3853 1327 3917 sunt
1367 3851 1512 3928 notae3
1554 3861 1609 3925 ex
1649 3828 1799 3917 Africa
1840 3832 1948 3919 enim

255 4008 425 4096 semper
453 3981 617 4098 aliquid
642 3985 744 4077 novi
768 3989 1104 4100 expectandum,
1138 3988 1277 4072 donec
1304 3980 1506 4067 interiora
1532 3978 1658 4098 hujus
1684 4006 1829 4079 vestae
1855 4016 1946 4073 con·

258 4131 436 4221 tinentis
462 4133 737 4231 innotuerint.
790 4140 1056 4237 Nostrstium
1083 4141 1205 4245 duas,
1233 4136 1319 4221 nisi
1346 4137 1454 4220 forte
1476 4159 1561 4222 tres
1583 4139 1830 4223 statuendae
1843 4159 1944 4239 sunt,

254 4287 569 4375 socurutissime
596 4291 822 4413 descripsi,
851 4291 968 4377 utin
996 4317 1212 4409 posterum
1238 4288 1375 4401 facilis
1403 4289 1460 4376 sit
1492 4287 1753 4406 comparatio
1779 4287 1944 4376 itinera·

257 4436 440 4539 toribus,
479 4442 557 4557 qui
590 4474 722 4535 novas
755 4444 989 4536 invenient.
1058 4441 1314 4539 Ptemittunt
1341 4439 1479 4531 adhuc
1511 4441 1680 4558 generis
1716 4443 1943 4541 electarium

255 4587 461 4678 interiora
486 4594 620 4681 etiem
646 4599 774 4684 Asiae
803 4601 989 4698 deserta,
1016 4597 1216 4685 Sibiriam
1242 4619 1288 4681 et
1315 4597 1481 4693 Indiam
1500 4595 1822 4711 interjacertis,
1851 4622 1943 4712 qm·

255 4771 352 4831 tum
384 4776 536 4863 magna
571 4784 665 4870 pars
693 4777 790 4840 sunt
814 4750 1013 4867 planities
1041 4749 1392 4841 intermontanee.
1461 4756 1529 4843 Ex
1566 4749 1770 4863 Americs
1807 4771 1940 4845 num

255 4893 428 4996 nullutn
453 4905 596 5001 adhuc
622 4904 763 5011 simile
790 4903 950 4997 animal
975 4903 1198 4995 inventum
1223 4926 1299 4997 est·
