4410 5910
887 367 1049 476 '²¹³-
1752 411 1821 501 sa,-

120 605 397 698 eonveniunt.
454 593 726 691 Conveniunt
749 586 882 688 etiam
916 602 963 688 in
998 633 1050 690 eo
1084 599 1310 722 pleraeque
1344 611 1457 725 quod
1491 617 1653 700 catulos
1684 640 1808 730 gene·

116 783 217 849 rent
241 788 385 847 coecos
410 779 454 843 et
479 755 606 871 quod,
635 755 739 842 licet
765 753 1056 841 vivacissimae
1083 777 1129 840 et
1155 760 1383 845 admodum
1405 761 1642 871 electricae,
1666 788 1820 859 tamen¹

123 947 149 998 a
174 910 404 1029 perexigua
439 907 532 996 dosi
566 917 682 995 nucis
715 916 922 1008 uomicae,
960 929 1163 1024 tanquam
1198 909 1395 1026 specifice
1434 911 1636 1031 lethifero
1673 917 1808 1004 omni·

117 1069 197 1152 bus
230 1061 330 1148 feris
356 1090 534 1167 veneno,
561 1059 683 1146 illico
710 1061 936 1147 convulsae
972 1057 1205 1147 moriantur
1239 1083 1284 1146 et
1318 1062 1462 1149 statim
1496 1088 1592 1180 post
1628 1091 1807 1156 mortem

117 1245 291 1304 omnem
317 1243 554 1317 nervorum,
584 1212 724 1298 cordis
759 1234 886 1326 atque
921 1213 1206 1298 musculorum
1234 1212 1568 1302 irritabilitatem
1591 1218 1801 1327 amittant,

116 1367 343 1484 superesse
363 1389 518 1469 amen,
534 1367 650 1480 quoa
662 1363 831 1470 mirum,
854 1362 1117 1481 pensarem
1138 1364 1233 1450 tusi
1253 1364 1511 1454 messenen
1532 1390 1665 1455 motu.
1693 1377 1737 1484 a)
1815 1341 1817 1345 ’

253 1584 479 1672 Caeterum
513 1582 630 1668 nulla
667 1613 692 1668 e
726 1587 925 1667 Ferarum
959 1584 1108 1668 ordine
1142 1582 1381 1688 Animalia,
1423 1608 1572 1703 utpote
1617 1589 1804 1677 maxime

113 1735 328 1827 calorifica
355 1758 400 1823 et
426 1733 564 1821 nobili
590 1736 705 1849 pelle
732 1736 832 1836 fota,
860 1730 1053 1848 hyemali
1079 1732 1234 1851 frigore
1256 1736 1587 1844 obdormiscunt,
1618 1763 1666 1824 ut
1686 1772 1711 1825 e
1734 1747 1804 1827 Se-

111 1887 275 1977 mitens
301 1909 347 1973 et
372 1885 548 2002 gliribus
574 1874 795 2004 plurimae,
824 1882 906 1969 soli
931 1886 1029 1972 Ursi
1055 1908 1101 1972 et
1126 1887 1283 1991 Meles,
1318 1910 1367 1972 ut
1393 1912 1437 1973 et
1463 1888 1700 1977 Phocarum
1728 1892 1804 1979 ali·

113 2070 219 2158 quae
257 2041 496 2125 abundante
522 2035 781 2156 pinguedine
808 2038 944 2143 lente,
973 2061 1138 2154 partem
1170 2035 1339 2154 hyemis
1366 2040 1509 2157 quiete
1529 2034 1800 2159 transigunt.

111 2195 272 2283 Omnes
307 2214 448 2275 autem
474 2194 626 2292 Ferae,
654 2189 902 2304 praesertim
938 2189 1210 2293 fortissimae,
1247 2213 1420 2277 naturae
1453 2193 1669 2278 beneficio
1705 2218 1801 2281 sunt

114 2342 361 2459 pauciparae
388 2360 433 2426 et
467 2340 599 2426 semel
630 2362 796 2427 tantum
824 2339 871 2429 iu
907 2372 1016 2431 anno
1052 2340 1243 2458 pariunt,
1286 2342 1578 2462 plurimaeque
1612 2342 1799 2433 hominis

116 2492 314 2581 ticinium
341 2492 495 2580 timent
529 2514 574 2579 et
609 2494 708 2607 fuga
743 2521 789 2578 se
825 2494 1062 2581 subducunt
1090 2496 1142 2579 ab
1169 2491 1262 2582 illo.
1365 2610 1369 2614 Ι

515 2934 723 3045 Genus
763 2940 798 3045 Ι.
878 2935 1400 3043 FELINUM.

241 3178 308 3259 Ex
333 3173 418 3261 hoc
445 3202 612 3289 genere,
640 3179 757 3292 quod
782 3173 830 3260 in
856 3171 1007 3260 calidis
1033 3171 1222 3258 maxime
1241 3172 1522 3288 multigenum
1542 3197 1620 3278 est,
1651 3175 1791 3261 inno·

106 3321 202 3410 stris
229 3325 395 3440 frigidis
422 3348 467 3412 et
494 3327 736 3444 temperatis
762 3324 982 3443 pauciores
1009 3328 1160 3411 dantur
1184 3322 1367 3441 species,
1411 3355 1570 3439 eaeque
1592 3354 1792 3447 'praeses‘

106 3473 185 3561 tim
213 3477 260 3563 in
286 3479 475 3564 Australi
502 3477 654 3583 limite,
682 3479 803 3596 quasi
827 3479 1066 3591 transfugae
1093 3475 1259 3561 vivunt.
1315 3476 1436 3560 Solus
1463 3479 1589 3587 Lynx
1617 3479 1789 3562 boreale

106 3627 235 3744 frigus
261 3661 346 3717 non
375 3632 513 3717 timet.
570 3634 743 3734 Omnes,
771 3631 1130 3746 quemadmodum
1153 3626 1371 3713 solitariae
1394 3626 1556 3731 vivunt,
1592 3627 1653 3712 ita
1679 3626 1790 3713 indi·

108 3777 326 3868 viduorum
351 3812 527 3870 numero
556 3781 977 3869 minime·abundant
1003 3801 1050 3866 et
1075 3776 1235 3893 ubique
1259 3777 1373 3865 inter
1398 3777 1576 3866 rariores
1603 3803 1701 3866 sunt
1720 3809 1789 3864 ve-

108 3954 305 4022 nationes.

189 4247 223 4342 *)
248 4247 512 4319 Admirandum
536 4250 642 4319 illum
671 4249 781 4345 hujus
809 4253 942 4320 veneni
965 4246 1140 4320 effectum
1163 4253 1203 4317 in
1226 4246 1413 4336 animalia,
1440 4269 1537 4339 quae
1566 4268 1679 4320 coece
1703 4266 1784 4316 nas·

249 4380 396 4458 cuntur,
423 4377 535 4442 etiam
561 4373 689 4441 avibus
713 4394 788 4442 uon
811 4377 1001 4460 exceptis,
1028 4375 1209 4440 institutis
1231 4390 1265 4468 a
1285 4391 1348 4438 me
1369 4370 1554 4460 quondam
1584 4372 1784 4438 numerosis

253 4497 516 4583 experimentis
541 4493 798 4562 confirmatum
822 4496 862 4560 in
885 4496 1149 4560 Dissertatione
1165 4485 1394 4583 Experimento
1413 4496 1449 4560 de
1469 4487 1511 4562 V
1507 4491 1607 4558 encnis
1627 4489 1786 4557 exhibeam

251 4600 440 4701 (Goetting.
474 4607 608 4711 1767.)
634 4618 809 4704 exposuit
832 4615 950 4684 Amic.
977 4613 1013 4686 H
1019 4613 1183 4696 ittefett.
1227 4616 1399 4702 Superest
1411 4617 1453 4678 ut
1466 4609 1698 4678 Galvanistae
1719 4631 1784 4678 ex·
1886 4661 1893 4673 .

249 4738 453 4823 periantur,
498 4755 545 4802 au
582 4741 655 4804 suis
694 4739 806 4804 etiam
835 4739 1097 4826 experimentis
1132 4739 1292 4805 excitari
1319 4735 1503 4819 nequeant
1530 4728 1701 4797 animalia
1730 4736 1783 4799 aie

255 4862 414 4925 mestar
