4410 5910
266 384 359 496 t56
1017 408 1180 461 ·=

252 612 390 719 tritos,
419 607 690 731 graminosos
730 613 925 729 frequens
953 607 1131 712 animal,
1174 608 1428 726 quodlicet
1463 610 1632 729 frigoris
1658 607 1890 734 impatiens
1904 638 1959 707 'et

264 764 314 851 in
342 764 518 851 Polonia
545 789 673 881 atque
700 765 883 852 Uerania
900 796 996 850 'non
1022 764 1133 848 ultra
1160 779 1271 852 55‘¹¹¹¹¹
1298 764 1535 853 latitudinis
1575 768 1751 882 gradum
1790 772 1847 855 ad
1886 774 1957 860 bo·

259 948 384 1006 ream
412 941 656 1022 extensum,
697 918 744 1004 in
784 919 918 1003 multo
959 915 1179 1031 frigidiore
1213 939 1355 1003 tamen
1383 918 1540 1004 Sibiria
1579 919 1828 1025 ineodem,
1869 923 1958 1014 imo

253 1071 399 1186 tnagis
428 1070 663 1186 aquilonari
691 1071 862 1157 climate
890 1070 1000 1155 vivit
1027 1093 1072 1154 et
1108 1071 1155 1154 in
1196 1069 1539 1159 Camtschatcam
1581 1102 1750 1189 quoque
1790 1076 1957 1165 mandit

263 1255 362 1311 cum
383 1247 610 1340 sequente,
639 1224 728 1310 imo
757 1224 941 1309 maxime
971 1225 1166 1338 frequens
1191 1222 1256 1309 ibi
1283 1246 1360 1310 est.
1432 1222 1782 1340 Copiosissimrtm
1817 1230 1958 1317 etiam

255 1375 310 1466 in
337 1377 518 1464 collibus
545 1382 597 1462 ab
625 1376 821 1463 Ura-lensi
853 1387 952 1492 jugo
992 1405 1133 1460 versus
1168 1380 1372 1461 Austrum
1401 1374 1755 1484 excurrentibus,
1796 1403 1844 1466 et
1880 1412 1957 1501 per

258 1558 434 1616 omnem
472 1528 687 1614 Tatariam
727 1557 942 1643 magnam,
984 1529 1114 1646 inque
1156 1527 1309 1645 apricis
1349 1526 1551 1629 Sibiriae3
1592 1536 1697 1619 non:
1717 1530 1763 1617 in
1802 1534 1956 1650 alpinis

261 1684 427 1797 Hyeme
453 1680 500 1766 in
527 1683 748 1799 profundis
775 1683 885 1767 ultra
922 1711 1117 1798 orgyam,
1160 1704 1205 1764 et
1231 1683 1358 1797 longe
1383 1680 1592 1797 protensis
1619 1681 1827 1771 cuniculis
1867 1687 1955 1774 alto

257 1863 411 1921 somno
438 1836 649 1949 sepultum
676 1842 805 1949 jacet,
846 1838 902 1921 ob
929 1832 1236 1951 pinguedinem
1262 1833 1415 1948 magis,
1457 1863 1584 1949 quam
1611 1834 1754 1950 frigus.
1824 1836 1956 1926 Domi

255 1983 378 2073 enim
417 1987 651 2073 cicuratum
678 2016 877 2102 magnum
902 1987 1069 2102 frigoris
1095 1989 1271 2101 gradum
1304 1986 1396 2072 sine
1435 2010 1608 2102 torpore
1642 1989 1816 2102 perfert.
1874 1994 1954 2075 Ha-

258 2137 400 2227 bitant
424 2140 568 2255 plures
594 2138 789 2225 sociatim
829 2162 874 2223 et
912 2139 1096 2224 tumulos
1137 2140 1392 2255 sepulcrales
1433 2137 1662 2258 prasertim¹
1687 2139 1953 2255 'perfodiunt

260 2289 453 2375 Interdiu
482 2293 721 2409 apricantur
749 2314 794 2377 et
819 2288 1041 2406 phytivori
1067 2314 1314 2408 pascuntur,
1343 2293 1580 2376 excubante
1608 2320 1693 2378 utto
1719 2291 1791 2377 vel
1820 2293 1956 2382 altero

263 2464 309 2526 et
335 2441 471 2528 socios
498 2420 682 2529 fistulata
709 2447 986 2548 admonente,
1028 2432 1065 2529 si
1098 2430 1337 2560 periculum
1365 2441 1563 2530 sentiant.
1632 2441 1851 2532 citissime
1879 2444 1952 2534 bo·

261 2591 370 2679 mini
397 2596 665 2700 adsuescunt,
694 2599 770 2682 sed
797 2595 940 2681 omnia
965 2598 1120 2682 rodunt
1145 2595 1191 2681 in
1219 2596 1426 2683 conclavi.
1484 2593 1610 2682 Scabi
1636 2586 1801 2702 amanti
1841 2597 1952 2687 circa

260 2768 405 2863 caput,
436 2771 676 2855 etmanum
703 2747 859 2835 leviter
888 2748 1147 2835 morsitando
1175 2748 1439 2863 voluptatem
1464 2726 1684 2834 testantur.

396 2901 441 2984 N
447 2923 547 2987 ota.
594 2907 654 2986 ·In
675 2900 858 2988 Uerania
884 2930 968 2987 non
990 2900 1234 3017 infrequens
1257 2903 1448 2986 Varietate
1467 2900 1595 3016 plane
1619 2898 1753 3015 nigra.
1812 2902 1950 2987 Camt·

257 3053 442 3138 schattca
472 3056 660 3139 Varietos
686 3077 842 3139 statura
868 3059 1002 3166 major
1027 3052 1202 3137 Rossica
1229 3075 1275 3136 et
1302 3051 1496 3138 Sibirica.
1568 3055 1705 3167 Caput
1739 3083 1863 3170 supra
1889 3075 1949 3140 to·

257 3222 347 3287 tum
374 3202 559 3319 nigrum;
587 3216 725 3292 ceruix
752 3205 1015 3319 nigrescens,
1052 3202 1212 3320 gryseis
1238 3203 1338 3321 pilis
1364 3203 1520 3305 mixta3
1559 3205 1726 3291 dorsum
1754 3233 1949 3320 gryseum

255 3356 523 3442 creberrimis
549 3357 650 3474 pilis
676 3355 937 3472 longioribus
964 3355 1116 3470 nigris3
1142 3361 1293 3443 Latera
1320 3363 1419 3443 colli
1446 3377 1491 3440 et
1517 3359 1640 3474 pedes
1666 3355 1947 3476 grymo-pal·

254 3505 363 3610 lida3
392 3510 534 3595 subtus
559 3532 673 3595 totus
701 3541 724 3593 a
751 3510 849 3623 gula
871 3510 924 3593 ad
946 3539 1072 3592 anum
1094 3508 1462 3623 longitudinaliter
1482 3508 1649 3595 intense
1670 3508 1946 3625 ferrugineus.

252 3661 477 3749 Auriculae
504 3661 785 3775 ferrugineae.
842 3662 990 3746 Gauda
1011 3682 1207 3745 extremo
1229 3682 1273 3744 et
1296 3662 1438 3746 subtus
1457 3659 1828 3775 longitudinaliter
1847 3684 1946 3762 atra,

252 3810 345 3898 basi
374 3811 534 3927 gryseis
559 3812 660 3929 pilis
687 3811 843 3912 mixta,
870 3812 1157 3927 lateribusque
1186 3813 1445 3928 ferrugineas
1472 3811 1643 3899 videtur
1663 3811 1797 3899 etiam
1818 3812 1944 3931 paulo

252 3958 440 4076 longior,
481 3994 607 4078 quam
632 3962 830 4051 Rossicis.
887 3966 1040 4051 Dentes
1067 3964 1270 4052 incisores
1296 3963 1535 4083 superiores
1559 3966 1753 4055 obsolete
1779 3962 1942 4055 suctu

249 4114 323 4201 Ad
348 4115 532 4234 primam
559 4117 714 4204 faciem
742 4119 970 4203 admodum
996 4117 1167 4203 videtur
1192 4120 1372 4204 diversa.

580 4289 664 4386 73.
755 4273 1220 4370 ARCTOMYS
1308 4280 1619 4371 cirillus.
1789 4267 1793 4276 ⁸

383 4426 439 4512 A.
469 4421 667 4510 auriculis
691 4423 844 4523 nullis,
870 4424 1003 4507 cauda
1031 4421 1308 4511 subdisticba.
1691 4446 1703 4461 '

465 4581 564 4664 Mus
588 4575 794 4677 Citellus,
832 4576 923 4661 Lin.
965 4596 1071 4688 syst.
1098 4578 1196 4660 ΧΠ.
1230 4583 1267 4662 Ι.
1308 4610 1350 4692 p.
1380 4588 1447 4663 80.
1487 4608 1550 4694 sp.
1578 4593 1620 4682 4.
1663 4576 1822 4664 Pallor.
1849 4604 1937 4663 m

501 4760 626 4847 spec.
650 4737 751 4844 μέν.
779 4762 821 4842 p.
932 4729 1019 4816 tob.
1048 4731 1121 4817 Vt.
1156 4733 1198 4817 A
1224 4751 1265 4819 et
1291 4734 1343 4819 Β.
1381 4733 1490 4820 Nou.
1531 4731 1649 4818 Com.
1688 4731 1800 4821 Petr·
1825 4726 1934 4817 117.

429 4928 434 4939 ·
514 4912 616 5004 pag·
646 4898 741 4997 549·
767 4883 854 4971 tab.
884 4916 955 4969 st·
