4410 5910
251 473 310 557 54
1014 470 1163 525 ²¹¹⁹-

251 696 327 769 rct.
384 672 532 757 Vellus
559 669 606 755 in
633 670 751 755 nulla
780 668 907 756 facile
933 671 1021 756 fera
1050 672 1240 773 densius,
1268 666 1402 763 altius
1440 690 1485 753 et
1520 669 1574 755 ad
1615 664 1845 753 arcendum
1871 658 1945 749 tri-
2004 714 2009 724 ·

250 854 324 941 gus
361 823 492 939 magis
529 845 694 938 aptum,
733 824 838 908 adeo
880 851 1047 938 quoque
1083 820 1349 924 electricum,
1387 843 1435 905 ut
1461 820 1593 905 semel
1619 818 1831 904 iterumve
1859 845 1953 915 ma·¹

251 1010 307 1062 nu
335 977 528 1077 frictum,
572 973 827 1089 crepitantes
844 973 916 1085 ,ln
949 973 1136 1060 tenebris
1177 971 1382 1059 scintillas
1411 970 1592 1059 emittat.
1660 976 1722 1055 At
1748 969 1795 1055 in
1823 968 1943 1055 nullo

251 1157 385 1244 aeque
413 1127 577 1212 corium
603 1155 676 1210 seu
704 1125 810 1210 cutis
839 1126 1026 1228 tenuior,
1070 1124 1267 1211 tenerior.
1331 1129 1445 1209 Ante
1482 1123 1667 1215 Oloum
1700 1127 1943 1236 Magnum

251 1281 327 1366 vix
355 1279 444 1363 ulla
471 1281 634 1394 Logopi
660 1279 772 1392 apud
801 1301 992 1363 auctores
1021 1276 1201 1379 mentio,
1246 1278 1360 1390 quod
1388 1275 1425 1360 is
1452 1273 1613 1391 primus
1648 1274 1730 1359 fuit
1768 1274 1816 1359 in
1852 1301 1941 1386 sep·

251 1430 463 1519 tentrione
491 1429 712 1544 Zoologus.
769 1435 825 1513 Et
853 1429 1086 1514 etiamnum
1113 1427 1361 1544 imperfecta
1389 1449 1453 1521 est
1480 1423 1603 1538 hujus
1626 1423 1821 1511 animalis
1848 1451 1943 1536 coge

252 1581 383 1687 uitio,
413 1604 458 1667 et
485 1579 623 1667 adhuc
651 1612 785 1697 nuper
811 1583 1009 1667 Isatidem
1038 1584 1292 1697 (Lagopum)
1334 1609 1431 1665 cum
1459 1578 1586 1693 vulpe
1629 1579 1723 1663 alba
1751 1571 1944 1664 confudit

252 1736 443 1830 Amicus.
486 1735 860 1823 Zimmermann
900 1734 1045 1843 (Zool.
1069 1764 1214 1846 geogr.
1244 1765 1286 1850 p.
1334 1737 1465 1840 reu).
1531 1735 1572 1814 A
1607 1730 1748 1844 Vulpe
1776 1725 1942 1812 cineres

252 1886 524 1989 Americana,
555 1915 663 2001 quse
692 1884 880 1983 mitiores
908 1884 1147 1971 latitudinis
1174 1886 1324 1998 gradus
1351 1879 1468 1969 harid
1494 1903 1677 1985 recusat,
1709 1875 1941 1967 certissime

252 2037 393 2155 specie
422 2039 582 2127 differt.

388 2341 565 2430 Descr.
629 2343 770 2458 Vulpe
807 2342 945 2429 minor
979 2365 1023 2428 et
1057 2341 1307 2459 depressior.
1382 2344 1519 2458 Caput
1553 2339 1735 2428 similius
1770 2335 1943 2434 canino,

254 2522 381 2606 quam
409 2491 606 2606 vulpino,
636 2518 770 2580 rostro
798 2524 951 2609 nempe
981 2494 1199 2598 crassiore,
1231 2493 1462 2596 obtusiore,
1501 2493 1645 2580 cranio
1674 2487 1944 2578 convexiore.

249 2645 392 2746 Nasus
419 2665 463 2728 et
489 2646 604 2729 labio
631 2648 765 2748 nuda,
795 2645 934 2767 nigra,
963 2645 1146 2732 incisura
1174 2645 1279 2731 labii
1300 2648 1416 2732 sulco
1438 2646 1548 2759 septi
1569 2643 1781 2731 continua.
1839 2642 1946 2725 Dert-

253 2815 315 2885 tes
342 2803 538 2909 primores
565 2795 797 2911 superiores
825 2796 959 2882 medii
985 2797 1190 2899 trunculi,
1221 2797 1407 2913 proximi
1429 2796 1626 2913 utrinque
1653 2795 1800 2881 lobulo
1829 2796 1947 2878 obse

254 2944 342 3029 leto
370 2945 526 3050 notati,
557 2946 709 3032 extimi
737 2946 960 3053 distantes,
991 2949 1151 3052 conici,
1181 2979 1328 3035 omnes
1355 2949 1446 3035 basi
1474 2947 1700 3032 introrsum
1727 2941 1945 3062 productis

255 3100 363 3205 infra
389 3097 523 3211 magis
552 3098 775 3202 distantes,
804 3098 1048 3186 intermedii
1077 3122 1253 3214 quatuor
1295 3121 1433 3184 retuso
1449 3094 1831 3212 -subemarginati,
1875 3124 1945 3179 ex·

255 3246 384 3333 timus
411 3247 600 3353 bilobus,
631 3251 732 3337 lobo
761 3251 971 3337 exteriore
1001 3275 1144 3353 acuto;
1174 3256 1323 3338 camni
1344 3249 1489 3365 superi
1529 3257 1728 3362 majorem
1773 3254 1947 3333 molam

256 3398 414 3513 ubique
442 3430 537 3505 sex,
568 3432 693 3518 supra
719 3402 881 3518 priores
908 3426 1014 3504 tres,
1044 3404 1208 3487 inferne
1236 3421 1416 3516 quatuor
1439 3398 1839 3501 tumbam-conici,
1878 3426 1947 3481 un⁴

253 3551 431 3637 teriores
472 3555 782 3655 decrescentes,
825 3553 966 3669 primo
1008 3551 1207 3655 minimo,
1248 3601 1302 3617 -
1342 3552 1531 3665 sequitur
1571 3581 1743 3664 magnus
1771 3548 1947 3635 trilobo·

256 3700 439 3805 lacerus,
470 3704 654 3816 denique
682 3727 915 3821 postremus
944 3705 1371 3805 lato-tuberculosus,
1401 3726 1446 3788 et
1473 3706 1527 3789 ad
1554 3703 1719 3787 faucem
1747 3699 1948 3785 minimus

258 3873 431 3940 retusus.
499 3856 695 3949 Pulotum
721 3855 834 3969 rugis
863 3890 902 3962 9.
931 3862 1075 3969 lingua
1103 3854 1259 3942 mollis.
1333 3859 1547 3967 Mystaces
1574 3854 1809 3939 mediocres
1837 3849 1948 3937 ordi·

233 4004 360 4087 'uum
388 4004 710 4119 subquinomm,
741 4006 849 4110 albi,
885 4030 973 4093 seta
1001 4038 1083 4093 una
1111 4007 1302 4123 longiore
1330 4009 1446 4091 fusca
1473 4005 1604 4093 etiam
1630 4004 1678 4090 in
1707 4003 1836 4103 albim
1863 4032 1948 4088 ver·

258 4182 360 4241 ruco
386 4154 688 4269 supraocularis
716 4157 862 4243 setulis
890 4189 985 4262 sex,
1029 4189 1205 4273 quarum
1232 4189 1315 4242 una
1351 4158 1457 4241 item
1492 4187 1547 4242 ex
1584 4180 1703 4272 parte
1731 4154 1948 4251 luscescitt

259 4306 357 4399 Sera
383 4335 517 4420 genae
545 4308 733 4393 solitaria
761 4332 805 4395 et
833 4341 1005 4396 verruca
1033 4310 1155 4422 gulae
1184 4308 1442 4425 quadriseta,
1472 4337 1630 4423 perque
1658 4306 1950 4393 mandibulam

259 4457 417 4545 setulas
446 4459 609 4574 aliquot
637 4461 802 4579 duplici
840 4462 989 4559 ordine
1018 4491 1196 4576 sparsae.
1259 4461 1385 4549 Oculi
1423 4462 1826 4571 subconnergentes,
1864 4456 1950 4574 pul·

259 4612 482 4724 pebrarum
512 4612 769 4728 marginibus
799 4614 942 4716 nudis,
974 4612 1165 4727 serieque
1194 4612 1378 4728 pilorum
1399 4611 1580 4727 margini
1598 4611 1796 4725 proxima
1808 4610 1953 4724 nigras

259 4763 381 4849 irides
421 4766 596 4851 obscure
639 4767 800 4865 luteae;
851 4769 1235 4881 periopbtbolmium
1273 4766 1446 4878 oblique
1487 4764 1656 4848 oculum
1692 4792 1779 4848 non
1815 4784 1951 4847 totum

260 4914 333 5018 (ad
346 4918 382 5021 ἐ)
411 4936 580 5027 tegens,
610 4916 798 5033 margine
827 4915 1007 5033 nigrum.
1064 4919 1197 5009 Aures
1223 4938 1394 5017 ovatae,
1424 4914 1718 5019 mollissimae,
1756 4914 1951 5001 rotund·-
