4410 5910
256 452 346 534 320
1019 452 1166 503 ===

387 650 512 739 Circa
539 652 741 737 Uralense
782 657 925 763 jugum
961 646 1152 734 omnium
1187 646 1525 763 frequentissima
1553 649 1739 766 species,
1784 654 1834 741 in
1862 687 1949 743 ma-

254 802 371 887 xime
400 797 657 918 rupestribus
686 799 903 903 habitans,
935 830 1110 915 raroque
1140 801 1194 885 ad
1220 828 1349 915 pagos
1379 803 1597 887 accedens.
1654 804 1859 892 Coecutit
1885 807 1950 895 in·

155 1033 159 1047 ,
253 952 412 1057 terdiu,
442 952 546 1038 licet
572 952 620 1038 in
650 950 866 1038 arboribus
893 974 937 1037 et
963 950 1170 1037 fruticetis
1196 949 1360 1067 saepius
1387 954 1631 1051 observatur
1656 985 1777 1070 vaga.
1836 963 1949 1071 Qum

252 1102 394 1191 media
422 1102 579 1219 hyeme
608 1135 632 1187 a
659 1103 929 1190 venatoribus
954 1103 1060 1188 meis
1088 1101 1243 1202 habui,
1283 1132 1429 1189 omnes
1464 1111 1605 1218 jejuno
1647 1128 1693 1190 et
1727 1131 1950 1199 contracto

253 1277 374 1341 eruit
400 1254 636 1340 ventriculo
672 1279 716 1340 et
756 1253 898 1340 vacuis
938 1254 1164 1340 intestinis.
1233 1260 1284 1338 In
1327 1255 1598 1342 orientaliore
1638 1257 1799 1344 Sibiria
1839 1259 1950 1349 mihi

254 1439 467 1522 nunquam
496 1405 606 1512 visa,
636 1405 827 1522 quamvis
855 1408 951 1491 loca
977 1409 1158 1491 faveant.
1214 1406 1405 1492 Interdiu
1432 1437 1573 1493 coeca.

392 1563 564 1645 Descr.
621 1561 906 1672 Magnitudine
933 1557 1088 1657 variat,
1130 1558 1330 1644 abilibri
1356 1560 1410 1643 ad
1456 1557 1669 1646 trilibrem
1710 1562 1950 1668 observavi,

256 1712 447 1824 adeoque
476 1715 529 1795 ad
557 1713 879 1797 antecedentem
908 1710 1085 1796 accedit.
1156 1709 1318 1796 Similis
1359 1709 1500 1795 eidem
1545 1734 1590 1796 et
1623 1716 1830 1819 Aluconi,
1873 1717 1948 1799 sed

254 1860 433 1973 egregiis
461 1862 573 1946 notis
617 1861 830 1947 distincta.
900 1865 1094 1948 Rostrum
1133 1892 1324 1960 cereum,
1365 1860 1540 1946 maxilla
1580 1842 1784 1949 inferiore
1826 1864 1946 1981 apice

253 2009 449 2124 utrinque
475 2015 665 2097 obsolete
694 2013 869 2098 sinuata.
925 2018 1088 2128 Lingua
1116 2045 1270 2113 crassa,
1312 2016 1481 2110 obtusa,
1525 2014 1798 2127 emarginata.
1872 2021 1947 2102 1η·-

254 2161 326 2244 des
354 2183 487 2259 atrae,
512 2192 610 2246 cum
637 2164 800 2278 pupilla
828 2167 994 2277 glauca,
1022 2191 1071 2251 ut
1096 2170 1288 2252 Alucom'.
1343 2164 1569 2277 Palpebrae
1596 2163 1710 2249 intus
1732 2188 1778 2250 et
1806 2196 1946 2282 margo

254 2309 610 2425 periopbthalmii
638 2315 763 2400 crassi
791 2338 892 2401 atra.
961 2320 1090 2435 Pepla
1133 2347 1305 2430 magna,
1346 2313 1568 2415 exalbida,
1612 2314 1776 2401 circulo
1804 2346 1830 2401 s
1858 2318 1943 2432 plu-

255 2460 381 2544 mulis
408 2462 569 2562 densis,
598 2463 930 2584 albo-nigroque
957 2468 1085 2554 variis
1113 2490 1203 2554 tota
1230 2467 1385 2552 cincta.
1442 2469 1567 2551 Color
1592 2496 1715 2582 supra
1739 2465 1941 2571 cinereus,

258 2613 347 2696 fere
375 2613 601 2714 Aluconis,
629 2622 773 2704 subtus
803 2621 988 2718 albidus,
1026 2621 1183 2734 ubique
1211 2617 1349 2703 lituris
1376 2639 1539 2701 tantum
1566 2616 1943 2731 longitudinalibut

258 2762 404 2867 fuscis,
432 2795 570 2879 neque
598 2771 842 2876 undulatos,
870 2795 918 2855 ut
945 2770 991 2857 in
1019 2774 1215 2858 Alucone.
1281 2771 1491 2884 Uropyga'i
1512 2769 1682 2884 plumae
1704 2768 1793 2855 late
1815 2771 1943 2869 albae,

253 2913 398 2999 medio
431 2938 568 3000 tractu
609 2920 738 3006 fusco.
808 2924 959 3009 Subtus
999 2922 1046 3008 in
1075 2924 1188 3009 collo
1215 2922 1384 3037 plumae
1412 2919 1742 3020 cinerescentes,
1783 2921 1942 3037 reliquo

255 3065 398 3165 albae,
438 3089 574 3153 tractu
614 3071 786 3189 scapino
827 3074 1079 3188 nigricante.
1159 3080 1351 3187 Remiges
1393 3087 1459 3160 23.
1510 3071 1735 3177 fasciataa,
1788 3094 1942 3187 quarta,

254 3218 427 3303 demum
454 3219 717 3338 longissima3
746 3225 884 3342 prima
910 3224 1073 3329 brevis,
1101 3248 1192 3311 toto
1220 3225 1431 3337 margine,
1459 3260 1480 3309 2
1506 3245 1551 3311 et
1577 3237 1617 3309 3.
1646 3246 1845 3312 extremo
1871 3252 1942 3311 set·

219 3341 223 3349 ⁵
257 3391 392 3474 ratae,
435 3390 534 3476 tet
563 3390 587 3462 5
614 3377 772 3491 pariter
799 3399 993 3462 extremo
1029 3398 1246 3491 angustato
1275 3376 1545 3474 subsiliatae3
1586 3405 1695 3490 quae
1721 3398 1828 3463 nota
1853 3406 1941 3463 con·

255 3519 521 3608 stantissima.
596 3529 744 3613 Caudn
773 3530 906 3613 multa
933 3528 1120 3642 longior,
1165 3559 1290 3645 quam
1319 3527 1530 3631 aluconis,
1578 3531 1751 3643 fereque
1779 3552 1937 3643 praece·

256 3668 395 3752 dentis
422 3677 716 3788 proportione,
746 3684 986 3778 rotundato,
1032 3679 1219 3782 cinerea,
1267 3678 1402 3773 fasciis
1430 3674 1526 3761 latis
1555 3679 1700 3782 fuscis,
1744 3703 1937 3763 transver-

255 3813 332 3921 sis,
361 3822 587 3909 rectricum
616 3828 806 3943 apicibus
835 3831 954 3916 albis.
1012 3834 1118 3917 Alos
1146 3828 1406 3946 compositae
1428 3827 1502 3913 vix
1526 3829 1712 3914 mediam
1734 3831 1936 3914 excedunt

253 3971 444 4057 caudam.
499 3979 694 4063 Mensura
724 3980 812 4064 avis
848 3991 928 4067 10‘'.
959 3983 1030 4089 9'''.
1060 3984 1217 4067 caudae
1254 3987 1336 4067 10⁰.
1365 3993 1437 4091 7⁴2
1494 3983 1632 4067 Ulnae
1668 3982 1832 4065 alarum
1863 3980 1934 4065 13⁶.

252 4146 530 4235 expansarum
565 4128 823 4246 tripedalem
842 4126 1081 4219 'excedens
1150 4134 1266 4248 repra
1293 4130 1501 4219 dianreter
1528 4133 1588 4219 δ”.
1619 4134 1693 4219 3”’.
1721 4131 1856 4217 tibiae
1882 4134 1929 4211 2¹¹·

253 4270 378 4384 digiti
410 4278 544 4363 medii
571 4310 667 4366 curn
697 4314 837 4397 ungue
868 4291 996 4395 (73⁸2)
1028 4295 1085 4368 ὤ.
1115 4285 1236 4370 rostri
1275 4297 1327 4368 =''.
1358 4288 1429 4370 6”’.
1498 4279 1817 4369 Plumosissima
1842 4274 1926 4373 avit

253 4443 303 4504 nt
330 4430 596 4517 antecedens.
653 4436 883 4521 Ponderea
913 4435 1062 4520 bilibri
1091 4439 1144 4522 sd
1174 4460 1217 4537 a}
1255 4435 1408 4521 libram
1443 4433 1622 4519 varians.
1691 4432 1802 4517 Viae
1840 4427 1924 4515 bila

255 4572 366 4677 riae,
393 4578 516 4663 utin
544 4581 699 4688 milvo,
729 4583 833 4670 lruic
860 4588 1046 4674 marciane
1071 4588 1322 4705 singulares:
1351 4589 1497 4699 Cystis
1522 4587 1599 4669 sub
1626 4581 1786 4700 hepate
1812 4572 1924 4696 posit·

252 4723 427 4809 ductum
455 4729 814 4845 semipollicarem
841 4761 1003 4822 rectum
1030 4738 1189 4824 emittit
1216 4739 1262 4823 in
1289 4741 1519 4851 subjectam
1555 4756 1820 4821 curvaturam
1846 4731 1921 4811 (ΙΨ

254 4870 379 4969 deni,
407 4877 477 4960 cui
507 4895 531 4965 6
561 4884 667 4993 poll.
695 4886 895 4991 distantia
922 4921 946 4972 a
972 4891 1125 5006 pyloro
1153 4889 1372 4992 inseritur3
1403 4892 1450 4975 in
1476 4891 1658 4975 undum
1682 4880 1854 5001 cynidir
1873 4869 1918 4955 5⁰⁹
1991 4972 1993 4977 .
