4410 5910
1032 241 1180 345 εει-ὲ
1452 247 1456 254 ’
1845 294 1937 378 411

255 486 391 579 barba
417 462 588 577 Linaria
614 493 773 602 majore
799 486 873 574 sen
899 483 1137 604 Aethiope,
1167 511 1294 604 quam
1319 482 1511 576 aniculae
1530 488 1644 576 inter
1663 495 1819 579 Russos
1840 477 1958 583 Kos·

253 650 391 730 salom
416 641 610 751 (falcium
638 637 881 753 fractorem)
911 641 1146 756 appellant,
1175 641 1339 755 magice
1368 671 1570 745 reserare,
1608 646 1719 758 apud
1745 646 1944 762 plebecu-

252 791 339 878 lam
367 794 499 879 fertur
524 784 679 879 fabula}
748 795 855 880 Ossa
880 793 1036 878 siccata
1069 793 1116 876 iu
1141 795 1316 909 pulvere
1352 793 1573 880 calculosis
1612 797 1810 911 prodesse
1853 822 1943 882 cre·

253 943 424 1029 duntur.
479 950 521 1030 A
549 942 740 1030 Votiacis
767 943 814 1030 in
840 942 1045 1031 sacrificio
1072 943 1217 1029 messis
1245 945 1506 1031 comburitur
1527 946 1649 1033 Picus
1671 949 1829 1054 varius,
1860 948 1942 1032 sin·

253 1094 388 1208 gislari
415 1096 726 1213 superstitione.
782 1095 920 1183 locuti
944 1096 1048 1183 Pico
1074 1125 1153 1212 per
1177 1092 1368 1180 medium
1395 1095 1622 1183 dimidiato
1650 1099 1836 1185 scabiem
1858 1129 1942 1186 mue

252 1245 438 1360 lignam,
480 1247 722 1363 tineamque
763 1249 903 1336 calido
939 1248 1141 1362 sanguine
1169 1246 1404 1334 confricant
1432 1269 1558 1361 atque
1586 1248 1688 1335 inde
1717 1249 1941 1336 sanitatem

250 1422 495 1514 expectant.
563 1406 735 1488 Nomen
763 1432 787 1487 a
813 1399 1100 1519 percussione
1124 1399 1285 1487 arboria
1319 1396 1565 1483 indiderunt
1591 1398 1745 1501 iidem;
1789 1424 1832 1486 at
1859 1430 1944 1486 me·

250 1547 487 1666 ta'phorice'
500 1551 617 1639 idem
644 1552 774 1639 etiam
809 1550 1032 1670 praefectio
1059 1549 1225 1636 tossicis
1252 1569 1298 1634 et
1322 1577 1421 1632 suae
1449 1551 1608 1663 gentis,
1636 1557 1813 1650 ,verbera
1838 1583 1943 1639 sem·

250 1731 330 1819 per
370 1702 690 1809 minitantibus,
737 1705 948 1820 applicare
989 1705 1140 1789 solent.
1208 1700 1471 1786 Alliciun'tur
1511 1702 1661 1809 facile,
1704 1705 1742 1789 si
1784 1702 1945 1803 arboris.

250 1874 447 1940 unncum
473 1854 638 1950 bacillo,
659 1856 870 1973 percutias
895 1855 979 1955 ita,
1005 1877 1054 1940 ut
1080 1851 1348 1968 ictus,'qu0s
1373 1876 1508 1941 rostro
1541 1855 1717 1959 iterant,
1747 1853 1944 1940 imiteris.

252 2004 382 2120 Capti
408 2006 593 2119 juniores
620 2008 757 2095 varios
785 2007 972 2093 ludicros
1013 2036 1150 2098 mores
1189 2008 1432 2109 ostendunt,
1482 2008 1716 2124 epedibus
1756 2004 1945 2122 suspensi

253 2155 493 2258 dormiunt,
518 2162 716 2246 candelas
742 2182 876 2245 rostro
905 2157 1179 2272 extinguunt,
1214 2179 1321 2242 caet.
1390 2160 1526 2245 Nidus
1554 2158 1601 2242 in
1628 2158 1846 2246 arboribus
1873 2186 1944 2241 ex·

253 2308 434 2409 cavatis;
476 2342 555 2398 ooo
594 2310 640 2398 in
675 2313 787 2411 nuda
822 2314 947 2397 scobe
989 2334 1182 2428 septena,
1227 2307 1463 2411 albissima,
1503 2313 1692 2427 pondere
1734 2309 1947 2427 scrupulo·

254 2490 349 2559 rum
369 2483 565 2576 quatuor.
1340 2462 1344 2471 ’

391 2616 565 2705 Descr.
622 2615 706 2706 Hic
735 2624 834 2705 vere
870 2641 916 2705 et
956 2639 1197 2704 constanter
1236 2614 1445 2702 maximus
1484 2617 1598 2704 inter
1636 2617 1757 2706 Picos
1796 2617 1948 2725 varios,

253 2762 361 2850 licet
387 2767 581 2883 plerique
617 2770 914 2886 Ornithologi,
957 2771 1031 2886 qui
1072 2792 1156 2854 tres
1195 2792 1363 2855 tantum
1402 2768 1524 2854 Picos
1568 2771 1709 2855 varios
1748 2790 1949 2876 statuunt,

255 2942 504 3032 sequentem
532 2952 609 3038 pro
637 2930 793 3036 majore
822 2946 1002 3041 ponant,
1043 2920 1118 3035 qui
1145 2920 1436 3033 magnitudine
1477 2922 1599 3007 nobis
1636 2925 1842 3008 secundus
1870 2945 1949 3011 est.

254 3071 420 3156 Pondus
446 3068 549 3159 huic
576 3105 600 3157 a
628 3089 671 3172 3}
699 3077 754 3158 ad
781 3093 822 3179 4.
850 3074 1089 3172 unciarum;
1131 3074 1206 3155 sed
1234 3075 1289 3157 ob
1316 3074 1484 3187 plumos
1524 3071 1755 3173 strictiores
1784 3094 1829 3156 et
1855 3103 1946 3187 par·

254 3220 392 3308 ciores
417 3220 534 3310 haud
563 3226 697 3325 multo
718 3232 850 3340 major
873 3235 1077 3339 sequente
1100 3246 1287 3339 apparet.
1343 3228 1478 3325 Moles
1496 3222 1702 3309 Turturis.
1757 3227 1951 3309 Rostrum

254 3376 424 3459 robuste
452 3373 736 3477 hexaedrum,
774 3398 1017 3477 cuneatum,
1058 3374 1225 3489 longius
1264 3408 1390 3490 quam
1424 3375 1715 3490 insequente.
1785 3377 1951 3486 Lingua

253 3525 393 3611 multo
420 3527 611 3631 brevior,
641 3559 770 3644 quam
796 3528 842 3613 in
870 3534 917 3612 P.
946 3525 1090 3612 vlridi.
1147 3531 1275 3613 Frons
1303 3557 1452 3642 gryseo
1468 3529 1615 3626 -alba,
1650 3528 1725 3610 sed
1753 3525 1950 3610 vibrirsae

255 3707 380 3795 snpra
405 3710 525 3765 nares
554 3681 725 3768 sordide
754 3710 903 3785 canae,
945 3676 1046 3764 setis
1074 3677 1206 3791 nigris
1235 3678 1409 3767 mixtae.
1467 3685 1621 3770 Vestes>
1647 3700 1761 3764 totus
1788 3675 1953 3793 pluma:

255 3829 313 3917 lis
339 3817 721 3948 plumbeo-fuscis,
752 3830 1022 3920 extremitate
1043 3829 1571 3920 cinnabareo-mberrimis
1593 3852 1777 3946 opertus.
1818 3829 1952 3913 Areae

254 3983 457 4100 utrinque
496 3986 628 4072 latera
669 3982 822 4101 capitis
862 4005 1135 4098 occupantes,
1177 3982 1364 4099 collique
1405 3984 1538 4070 latera
1578 3983 1687 4066 alba.
1758 3981 1953 4063 Fasciola

257 4138 379 4246 (albo
404 4168 532 4254 saepe
559 4139 695 4252 varia)
724 4137 844 4251 nigra
872 4168 898 4219 a
924 4136 1068 4218 fraeno
1095 4132 1202 4233 oris,
1229 4139 1306 4220 sub
1333 4135 1468 4221 oculis
1497 4139 1550 4221 ad
1579 4160 1722 4233 aures,
1764 4129 1951 4242 indeque

256 4319 335 4408 per
359 4290 495 4391 latera
522 4289 625 4375 colli
652 4293 837 4376 flexuose
867 4289 1142 4374 descendens.
1212 4290 1364 4404 Corsis
1404 4318 1502 4374 cum
1537 4284 1665 4371 initio
1694 4279 1953 4392 dorsi,1ala·

260 4469 437 4557 mmque
464 4444 584 4530 bases
599 4439 861 4558 nigerrima3
903 4441 1074 4525 dorsum
1112 4439 1227 4525 inter
1254 4442 1338 4525 alas
1376 4431 1473 4525 albo
1504 4422 1794 4550 variegatam.
1845 4433 1955 4516 Alae

262 4592 405 4679 fasciis
431 4594 679 4693 transversis
706 4594 836 4696 albis,
878 4593 934 4695 ad
974 4601 1119 4707 scapos
1158 4588 1424 4707 interruptis,
1467 4613 1702 4676 extrorsum
1730 4580 1866 4696 magis
1891 4565 1956 4684 di·¹

264 4747 489 4857 stantibus.
548 4750 811 4862 Uropygium
839 4717 1003 4832 album..
1053 4744 1214 4850 ,salsas
1253 4744 1388 4848 albet,
1428 4741 1564 4860 scapis
1601 4728 1735 4855 nigris
1772 4734 1954 4837 striatas,
