4410 5910
528 653 614 740 tab.
649 685 710 760 19·
729 656 824 766 ᾖς.
846 685 885 737 a.
912 649 1095 735 Brlsson.
1124 677 1209 735 orn.
1237 648 1316 730 m.
1345 646 1945 765 p.41s.Zootbn·e.p.1oa.

531 837 594 920 sp.
624 819 663 892 5.
694 806 779 889 tob.
809 817 875 892 52.

474 955 696 1041 Motacilla
724 956 963 1057 Rubecula,
995 956 1073 1038 Lin
1097 973 1203 1066 syre.
1231 954 1330 1039 XII.
1357 956 1392 1036 Ι.
1429 986 1472 1070 p.
1500 967 1594 1065 337.
1622 984 1685 1070 sp.
1715 968 1784 1058 45.

477 1113 778 1222 Rougegorge‚
805 1107 1038 1191 enatent.
1067 1113 1165 1219 pict.
1202 1107 1289 1191 tab.
1319 1120 1414 1192 361.
1445 1110 1531 1219 fig.
1567 1142 1602 1189 r.
1771 1131 1776 1136 *

477 1262 776 1357 Red-breast,
802 1262 993 1342 Latham.
1021 1287 1116 1368 ayn,
1144 1261 1218 1342 W.
1245 1290 1287 1374 p.
1315 1275 1408 1363 442.
1437 1290 1477 1342 rr.
1506 1271 1576 1348 38.

366 1409 509 1496 Rossis
536 1414 772 1522 Mulinoflra
802 1411 930 1523 (forte
959 1441 982 1494 a
1009 1410 1255 1522 rubedine),
1284 1407 1390 1493 item
1410 1409 1739 1498 Krasnoscbeilsa
1762 1426 1808 1494 et
1828 1408 1954 1496 Kres-

422 1565 633 1674 noglotlra.

395 1719 446 1798 In
474 1713 622 1798 Rossia
651 1714 785 1798 multo
813 1711 951 1797 minua
976 1715 1194 1835 frequens,
1221 1743 1348 1828 quarn
1367 1711 1412 1797 in
1427 1711 1794 1827 reliqnaJEuropa3
1822 1709 1953 1796 etiam

258 1863 315 1955 ad
342 1863 518 1952 Carnam
545 1864 794 1949 inferiorem
821 1887 866 1947 et
891 1863 937 1949 in
966 1864 1231 1951 Chersoneso
1258 1863 1420 1949 taurica
1449 1864 1701 1978 migrantem
1729 1862 1951 1948 observavi

256 2013 402 2130 Aprili
429 2037 475 2101 et
502 2039 716 2100 autumno.
788 2017 870 2100 Sed
899 2016 1008 2100 ultra
1036 2015 1241 2100 Uralense
1277 2024 1422 2130 jugum
1449 2043 1724 2131 peromnem
1752 2013 1952 2100 Sibiriam

252 2194 343 2251 uon
371 2166 506 2280 magis
532 2188 727 2282 apparet,
757 2196 883 2281 quam
911 2168 1118 2268 Rubetra,
1149 2166 1422 2284 Atricapilla,
1458 2163 1681 2251 Erithacua
1709 2187 1753 2250 et
1780 2168 1951 2280 Troglo

258 2319 406 2431 dytes,
443 2318 490 2402 in
517 2325 685 2434 Europa
714 2317 819 2402 licet
847 2319 1050 2432 vulgares.
1081 2374 1084 2379 -
1126 2321 1439 2430 (Atricopillam
1465 2316 1665 2433 equidem
1693 2317 1808 2402 inter
1835 2319 1950 2404 can>

254 2465 486 2566 aschaticas
516 2500 613 2554 aves
642 2468 854 2555 recensuit
881 2472 910 2553 S
919 2478 1131 2557 tolleres
1141 2507 1155 2565 ,·
1192 2472 1265 2555 sed
1294 2466 1548 2583 despriptio,
1578 2499 1706 2583 quam
1733 2468 1781 2551 in
1810 2473 1951 2550 Manu·

261 2617 429 2733 scriptis
469 2627 557 2735 ejus
600 2619 796 2743 invenie,
836 2653 923 2707 non
967 2620 1290 2736 Atricapillam,
1329 2621 1413 2707 sed,
1445 2625 1595 2704 Parum
1629 2620 1861 2733 palustrem
1887 2621 1951 2704 de·

261 2767 412 2882 signat.
468 2744 771 2888 Atricapillam
797 2803 979 2865 verone
1007 2769 1053 2856 in
1081 2770 1231 2856 Rossia
1259 2769 1434 2885 quidem
1462 2800 1647 2884 unquam
1666 2767 1865 2855 obtinere
1885 2799 1951 2884 po

260 2922 362 3029 tui)·
418 2928 470 3008 In
494 2920 700 3009 Tauricae
729 2922 973 3010 chersonesi
1013 2921 1223 3009 montanis
1250 2922 1470 3007 Rubecula
1498 2920 1735 3022 interdum,
1778 2918 1952 3005 mitiori·

261 3071 339 3156 bus
369 3073 509 3181 annis,
540 3073 763 3192 hybernat.
820 3082 886 3159 De
904 3073 1028 3187 hujus
1050 3072 1339 3175 familiaritate
1359 3069 1550 3185 hyberna
1564 3069 1723 3183 cecinit
1754 3073 1952 3186 Thomp

261 3253 352 3310 son
377 3223 423 3309 in
451 3228 644 3314 Poamate
673 3230 727 3311 de
754 3225 1017 3344 temporibus
1058 3224 1177 3330 anni,
1219 3246 1265 3309 et
1291 3223 1508 3338 eleganter
1528 3220 1701 3338 ¹scripsit
1726 3225 1763 3306 P
1770 3242 1953 3310 annunt

261 3372 309 3464 in
335 3377 541 3491 Zoologia
571 3379 815 3464 britannica.

398 3529 442 3614 N
449 3493 562 3614 oto.¹
604 3534 720 3642 Quos
750 3531 802 3613 ad
831 3530 1006 3615 Carnam
1035 3529 1077 3611 fl.
1120 3525 1232 3612 circa
1272 3524 1415 3611 vicum
1455 3527 1634 3642 Sarapul
1674 3522 1864 3611 obtinui:
1903 3521 1951 3610 iis

262 3678 433 3796 plumae
460 3681 573 3768 circa
601 3705 800 3784 rostrum,
831 3702 874 3763 et
902 3687 1054 3766 collum
1082 3683 1225 3764 subtus
1252 3699 1389 3806 totum
1416 3705 1547 3795 nsque
1576 3678 1629 3760 ad
1655 3678 1847 3791 jugulum
1873 3677 1952 3760 late

264 3830 383 3916 fulvo
399 3837 552 3920 ·rubro
580 3834 737 3918 colore.
809 3834 998 3919 Circulus
1036 3862 1109 3916 seu
1143 3826 1246 3915 halo
1272 3828 1545 3915 canescente·
1560 3826 1754 3913 cinereus
1782 3823 1953 3912 fulvedi-

262 4011 362 4067 nem
388 3984 523 4100 juguli
550 3982 747 4099 utrinque
774 3981 981 4082 includit,
1007 3983 1115 4066 ultra
1142 4011 1271 4100 quem
1298 3979 1428 4065 facies
1449 4012 1579 4097 prono
1598 3999 1690 4063 tota
1710 3980 1843 4063 albet.
1881 3979 1952 4059 Lu·

266 4154 354 4223 tera
381 4134 659 4223 cinerescunt.
702 4132 1200 4221 Tectricessecundariae
1229 4130 1440 4221 exteriore
1463 4131 1584 4250 apice
1610 4128 1815 4248 pallidae.
1855 4130 1950 4214 Cau·

267 4288 325 4374 da
352 4287 620 4375 uniformiter
647 4290 774 4373 lusca.

533 4468 659 4553 127.
748 4447 799 4539 M
827 4448 870 4535 O
897 4442 943 4536 T
973 4450 1012 4536 A
1040 4446 1087 4541 C
1112 4449 1131 4537 l
1158 4451 1193 4536 L
1219 4449 1256 4536 L
1284 4444 1327 4535 Α
1399 4440 1704 4535 Soricaria.

403 4598 466 4678 M.
497 4590 665 4676 cinerea
692 4594 837 4676 subtus
865 4592 961 4678 alba
968 4651 982 4691 ,
1009 4588 1246 4708 superciliis
1275 4586 1403 4686 albis,
1437 4588 1570 4674 cauda
1596 4587 1837 4672 rotundato.

488 4740 710 4850 Salicaria,
739 4746 994 4848 Auctorum,
1031 4742 1252 4855 Wuzugtb.
1281 4773 1368 4826 om.
1396 4772 1437 4858 p.
1472 4753 1562 4832 156.
1602 4743 1697 4860 luj.
1724 4771 1791 4827 ou.
1820 4769 1860 4854 p.
1886 4743 1943 4820 δι.

540 4895 684 4982 Albia
711 4901 883 4983 rsa-111.
917 4929 960 5012 p.
977 4912 1063 4985 ηδ.
1085 4896 1268 4986 tabeo.
1297 4894 1463 5010 (mna).
