4410 5910
1027 423 1174 477 Ξ

468 624 690 710 Motacilla
718 627 825 717 flava
852 646 1088 720 auctorum,
1121 621 1342 737 Wlluglzb.
1371 630 1517 711 ornith.
1545 656 1585 741 p.
1621 654 1710 734 172.
1738 622 1825 707 tob.
1855 632 1936 708 68!

522 780 614 894 Roj.
645 810 711 861 ov.
740 811 781 891 p.
811 793 877 887 75.
907 811 945 862 n.
978 811 1016 861 α.
1062 774 1205 862 Albin.
1246 807 1313 860 αυ.
1341 780 1397 859 II.
1439 778 1524 863 tab.
1555 787 1629 863 56!
1671 777 1826 861 Frisch.
1869 806 1937 858 ao.

521 929 606 1012 tab.
639 943 703 1013 23.
724 931 810 1040 fig.
842 943 880 1013 3.
925 928 1119 1015 Eduard.
1143 933 1284 1044 glean.
1311 932 1346 1014 Ι.
1389 928 1474 1017 tab·
1506 936 1613 1017 asu?
1652 925 1939 1014 D‘Auberuon.

525 1090 623 1195 pict.
653 1080 738 1162 tab.
771 1093 833 1162 ou.
851 1085 938 1192 fig.
974 1116 1009 1162 1.

467 1227 688 1315 Motacilla
716 1259 863 1329 verna,
893 1215 1074 1320 Brisson.
1103 1263 1189 1317 orn.
1217 1232 1294 1315 ΠΙ.
1323 1263 1365 1346 p.
1395 1243 1489 1337 468.
1517 1262 1579 1347 sp.
1609 1246 1676 1336 4ο.

466 1382 638 1468 Yellow
668 1381 879 1497 Wagtail,
909 1386 1098 1469 Larham.
1124 1412 1218 1493 syn.
1247 1386 1321 1467 IV.
1350 1417 1392 1498 p.
1419 1401 1515 1486 4ου.
1543 1417 1582 1468 n.
1613 1396 1650 1469 6.

466 1540 767 1644 Bergeronette
797 1534 854 1615 du
881 1533 1134 1648 printemps,
1164 1535 1327 1649 Buffon.
1357 1566 1442 1622 orn.
1470 1537 1546 1619 IX.
1576 1566 1617 1650 p.
1642 1546 1736 1640 384.
1766 1533 1853 1619 tob.
1883 1544 1943 1637 ¹4·

437 1735 439 1738 >
511 1686 598 1795 fig.
635 1718 668 1766 1.

468 1840 594 1917 Parus
623 1835 777 1930 luteus,
808 1836 979 1920 Gmelin.
1002 1843 1089 1955 jun.
1119 1844 1207 1921 itin.
1236 1839 1314 1919 ΠΙ.
1344 1869 1384 1951 p.
1421 1869 1508 1922 ιοι.
1538 1836 1623 1923 tob.
1654 1868 1719 1919 ao.
1747 1837 1835 1946 fig.
1871 1871 1904 1919 r.

362 1985 504 2071 Rossis
548 1988 738 2070 Plischlso
779 1992 952 2105 sheltajo
963 2048 978 2085 ,
1027 1990 1258 2073 Sinitschlro
1298 1991 1496 2106 sheltaja,
1552 1987 1623 2107 vel
1665 1986 1944 2097 Tressoguslso

413 2136 610 2243 (caudam
639 2145 867 2248 quassans).
923 2135 1101 2249 Vogulis
1133 2139 1368 2225 Wosermon
1394 2142 1526 2226 senlsi
1561 2138 1709 2245 (Flava
1739 2134 1941 2249 avicula);

415 2283 597 2370 Ostiacis
631 2285 994 2373 Wosreoortscttlr.
1743 2260 1747 2265 Ι

388 2442 435 2519 In
468 2434 585 2523 omni
614 2435 762 2521 Rossia
791 2457 836 2517 et
864 2435 1017 2523 Sibiria
1044 2440 1247 2543 abundat,
1277 2469 1406 2554 usque
1436 2440 1489 2522 ad
1519 2440 1739 2524 Oceanum
1768 2433 1941 2520 orienta-

254 2588 363 2685 lem,
392 2608 435 2669 et
464 2587 772 2672 Camtscatcam
799 2616 965 2700 quoque
993 2588 1250 2701 frequentat,
1295 2588 1424 2702 inque
1453 2589 1637 2711 maxime
1665 2587 1861 2681 boreales
1887 2613 1941 2668 re·

255 2742 403 2859 giones
431 2732 611 2819 Sibiriae
641 2757 799 2821 aestate
828 2760 1046 2853 evagatur,
1075 2770 1160 2824 non
1188 2761 1329 2821 tamen
1357 2738 1514 2823 limites
1543 2739 1755 2852 sylvarum
1787 2759 1941 2823 arctoas

252 2891 477 2978 excedens.
534 2892 734 2970 Versatur
760 2885 807 2971 in
834 2887 964 3001 pratis
992 2886 1200 2990 humidis,
1243 2888 1368 2971 cultis
1401 2911 1444 2974 et
1471 2886 1715 2991 novalibus,
1761 2887 1941 2973 maxime

252 3041 366 3126 circa
394 3060 539 3150 stagna
567 3058 612 3119 et
639 3066 778 3149 aquas.
836 3041 1054 3150 Hybernat
1082 3036 1128 3123 in
1157 3038 1314 3142 Persia,
1345 3037 1419 3122 ubi
1448 3070 1471 3120 a
1501 3040 1729 3121 Gmelino
1753 3045 1844 3155 jun.
1872 3064 1943 3151 pro

252 3222 363 3280 nova
390 3186 485 3272 Pari
514 3185 654 3301 specie
684 3184 831 3271 habita
859 3187 953 3270 fuit.
1009 3194 1058 3272 In
1085 3188 1238 3273 Tauria
1267 3219 1342 3303 per
1362 3210 1497 3273 totam
1518 3185 1719 3300 hyemem
1741 3217 1942 3275 nonnon-

254 3342 388 3446 sistit,
418 3341 492 3424 sed
521 3366 644 3452 saepe
671 3342 755 3446 jam
785 3360 959 3452 apparet
985 3337 1230 3437 Februario,
1267 3339 1394 3454 paulo
1421 3337 1579 3421 tardius
1609 3346 1666 3420 M.
1696 3338 1810 3423 alba.

391 3494 564 3575 Descr.
622 3490 759 3602 Caput
787 3488 832 3572 in
854 3488 1048 3573 masculis
1070 3519 1191 3604 supra
1213 3474 1318 3575 cairo
1332 3541 1345 3553 ·
1361 3487 1595 3589 cinereum,
1625 3484 1671 3569 in
1694 3486 1942 3602 quibusdam

252 3641 463 3734 flavedine
493 3636 695 3723 admixta.
752 3643 862 3724 Loro
889 3641 1114 3754 palpebrae
1159 3663 1203 3722 et
1238 3641 1378 3725 areola
1420 3670 1531 3753 pone
1572 3640 1738 3736 oculos,
1783 3638 1942 3752 quibus·

254 3797 355 3882 darn
383 3815 424 3877 et
455 3820 585 3905 genae
614 3790 722 3873 infra
750 3790 913 3891 oculos,
959 3789 1091 3873 albae.
1147 3792 1326 3875 Dorsum
1366 3790 1734 3875 flavo-cinereum
1775 3820 1851 3873 seu
1888 3785 1942 3869 si·

254 3944 363 4032 sido.
421 3946 610 4029 Feminae
638 3938 770 4052 magis
799 3939 1125 4038 cinerescentes,
1153 3943 1304 4023 eodem
1333 3941 1473 4025 colore
1501 3939 1667 4054 capitis.
1724 3942 1836 4026 Aloe
1862 3933 1943 4021 basi

257 4098 383 4183 dorso
411 4094 675 4193 concolores,
721 4090 870 4203 pennis
898 4087 1331 4203 fusco-nigricantem
1375 4113 1416 4174 at
1445 4090 1585 4205 apices
1612 4088 1878 4175 vestitricum
1904 4108 1942 4169 et

255 4244 477 4329 lectricum
506 4239 843 4326 secundariorum
872 4242 1099 4322 flavescuut
1126 4239 1171 4324 in
1200 4272 1333 4342 mare,
1360 4240 1408 4324 in
1438 4222 1596 4324 femina
1626 4239 1795 4341 albent,
1839 4239 1942 4323 unde

259 4393 338 4479 ilis
366 4390 612 4508 compositis
639 4378 766 4502 striga
794 4387 976 4501 gemina.
1048 4391 1236 4501 Remiges
1276 4389 1452 4476 interius
1492 4420 1634 4473 versus
1663 4390 1786 4473 basin
1816 4390 1939 4489 albae,

255 4542 410 4630 intima
438 4543 684 4656 praelonga,
716 4537 903 4650 margine
931 4540 1175 4624 flavescenti
1204 4541 1319 4636 alba,
1348 4542 1513 4626 mediae
1545 4556 1598 4627 6·
1622 4555 1683 4628 15·
1714 4520 1836 4655 apice
1862 4564 1939 4621 ror·

259 4694 391 4781 datim
421 4689 721 4807 emarginatae,
758 4711 804 4771 ut
833 4687 1025 4774 Alaudis.
1082 4692 1232 4777 Subtus
1261 4692 1424 4776 avicula
1451 4715 1561 4795 tota,
1602 4699 1791 4777 mascula
1818 4685 1939 4775 llavis·

260 4840 358 4929 simi
384 4844 556 4946 coloris,
587 4847 747 4953 semina
776 4836 996 4957 pallidior,
1037 4844 1134 4956 gula
1173 4844 1402 4961 juguloque
1444 4846 1531 4928 fere
1561 4842 1730 4930 albidis.
1802 4834 1938 4927 caude
