4410 5910
1030 420 1183 504 ΕΞ
1846 437 1945 532 ray

249 671 368 754 vata,
413 623 544 734 ubi'e'
571 645 787 736 nocturnis
813 644 1021 736 culicibus
1035 672 1036 675 ‘
1049 647 1227 765 aliisque
1255 645 1428 736 insectis
1455 650 1643 767 opimam
1670 648 1945 739 venationem

248 799 433 888 invenit.
487 805 701 919 Frequens
728 823 774 904 ejt
798 801 845 887 in
873 801 1073 907 Taurica,
1117 801 1235 888 etin
1262 801 1585 912 metallifodinis
1614 809 1667 891 ad
1695 807 1870 894 Carnam
1896 806 1941 895 fl.

250 955 437 1042 Pedicrsli
463 947 489 1041 a
516 959 555 1041 F
557 959 759 1043 rischio
785 952 1013 1062 delineari,
1042 955 1212 1043 velleris
1240 980 1285 1044 et
1310 948 1491 1063 alarum,
1520 955 1567 1043 in
1594 955 1664 1044 his
1692 961 1830 1048 ambo.
1901 948 1904 953 ¹
1943 1034 1948 1043 .

499 1288 592 1391 4⁷·
689 1269 1273 1365 vnsrun‘rralo
1360 1209 1695 1366 serotina.

389 1495 446 1573 V.
474 1488 694 1594 caudatus,
722 1477 969 1596 flavescens,
999 1486 1195 1577 auriculis
1222 1486 1420 1590 brevibus
1449 1487 1732 1608 emarginatis.
1770 1489 1940 1599 Gnatia,

249 1661 357 1754 syst.
386 1645 476 1728 Lin.
504 1646 539 1726 I.
570 1676 611 1758 p.
641 1655 708 1749 48.
736 1672 799 1758 sp.
835 1677 897 1727 ιι.
925 1645 1129 1730 Schreber.
1158 1645 1367 1730 mammal.
1395 1644 1429 1729 I.
1467 1678 1509 1758 p.
1544 1659 1632 1755 167.
1662 1642 1747 1730 tab.
1778 1655 1846 1734 53.

471 1792 685 1894 Serotine,
713 1797 878 1907 Buffon.
908 1799 1001 1880 hist.
1030 1815 1115 1878 nat.
1145 1798 1259 1880 VIII.
1289 1830 1330 1912 p.
1349 1830 1454 1922 μς).
1485 1797 1570 1881 tab.
1606 1809 1666 1882 18.
1686 1799 1773 1909 fig.
1805 1828 1844 1878 a.

388 1947 459 2030 Ad
486 1949 708 2060 Argunum
736 1945 910 2031 fluvium
937 1944 1169 2046 Dauuriae,
1208 1944 1255 2031 in
1283 1945 1436 2032 fissuris
1476 1947 1591 2063 rupis
1619 1948 1770 2032 Ginder
1797 1978 1821 2030 a
1850 1947 1941 2029 Stu-

250 2092 375 2182 dioso
403 2101 617 2211 quondam
644 2128 742 2184 meo
768 2101 945 2184 Nicaeta
972 2100 1200 2211 Sokolof,
1230 2128 1422 2184 necnon
1451 2130 1476 2183 a
1503 2129 1571 2183 me
1587 2097 1681 2213 ipso
1708 2097 1756 2183 in
1783 2094 1944 2213 cryptis

249 2247 510 2363 rupestribus
538 2249 651 2335 circa
679 2247 808 2335 Tarei
824 2301 838 2315 ·
852 2280 957 2335 noor
994 2234 1226 2335 observata.
1297 2249 1577 2336 Glomeratim
1616 2247 1805 2337 interdiu
1843 2245 1944 2332 hae-

249 2420 366 2503 rent,
411 2422 455 2485 et
489 2424 651 2487 scatent
685 2366 840 2488 cimice
876 2401 1110 2488 domestico
1138 2432 1288 2516 parvo,
1331 2400 1643 2518 copiosissimo,
1686 2403 1944 2503 rufescente,

252 2579 382 2665 quem
411 2551 458 2634 in
487 2552 781 2639 desertissimis
807 2551 896 2638 illis
924 2552 1030 2641 locis
1057 2551 1243 2638 inveniri
1278 2553 1464 2638 maxime
1499 2552 1700 2660 mirabar,
1739 2582 1824 2639 non
1852 2549 1943 2637 sine

252 2700 514 2818 suspicione,
541 2704 738 2813 infestam
763 2702 875 2790 hanc
903 2702 1151 2820 progeniem
1177 2706 1317 2790 forsan
1343 2735 1420 2821 per
1446 2704 1780 2822 VespertiIiones
1808 2700 1943 2790 domi·

251 2854 329 2938 bus
357 2852 545 2968 primum
569 2855 761 2943 omnium
787 2853 953 2942 illatam
979 2852 1120 2942 fuisse.
1177 2861 1228 2942 In
1253 2855 1434 2943 Taurica
1460 2887 1628 2978 quoque
1658 2860 1799 2962 datur,
1829 2851 1943 2943 cavis

254 3007 449 3092 arborum
476 3037 600 3124 saepe
627 2993 804 3094 haerens
833 3005 1017 3124 copiose.

388 3222 435 3310 N
439 3246 540 3312 oto.
596 3229 640 3313 V
635 3233 731 3315 illas
758 3225 945 3343 corporis
973 3223 1250 3342 ferrugineus,
1281 3223 1483 3312 extremis
1511 3224 1841 3312 canescentibus.

454 3547 548 3662 48.
608 3521 1215 3657 ‹VESPERTILIO
1301 3540 1742 3661 Ptptstrella.

393 3762 446 3843 V.
476 3761 696 3864 caudatus,
727 3761 885 3864 fuscus,
916 3757 1112 3845 auriculis
1125 3743 1323 3844 brevibus
1345 3781 1471 3843 ovato
1485 3809 1498 3822 ·
1513 3751 1797 3872 emarginatis.
1827 3753 1944 3841 Gme·

276 3906 335 4005 litt,
360 3932 464 4023 syst.
492 3915 584 3997 Lin.
612 3915 648 3994 I.
676 3944 718 4042 p.
747 3924 816 4016 48.
844 3943 908 4028 sp.
944 3946 1004 3996 12.
1032 3911 1239 3997 Schreber.
1268 3896 1478 3998 mammet.
1506 3914 1541 3993 1.
1570 3943 1613 4027 p.
1648 3923 1737 4023 167.
1766 3905 1852 3993 tab.
1877 3920 1948 4015 54.

472 4093 734 4210 Pipistrelle,
761 4098 927 4208 Buffon·
957 4098 1051 4181 hist.
1079 4115 1166 4180 nat·
1194 4097 1309 4181 VIII.
1337 4128 1378 4210 p.
1415 4070 1502 4201 ¹29·
1531 4094 1618 4178 tab.
1654 4127 1715 4200 19.
1735 4094 1820 4205 fig.
1856 4127 1889 4174 1.
1936 4105 1942 4111 ’

394 4282 444 4362 In
471 4277 621 4363 Rossia
648 4281 913 4393 frequentem
939 4277 985 4362 in
1014 4279 1213 4395 spelunca
1240 4275 1354 4394 rupis
1383 4272 1657 4361 alabastrinae
1679 4276 1733 4358 ad
1753 4275 1796 4355 fl.
1819 4279 1946 4386 Pjans

262 4407 371 4506 infra
393 4458 545 4544 pagum
573 4436 837 4534 Barnucova,
868 4428 1023 4515 deinde
1051 4428 1098 4513 in
1126 4429 1286 4543 abyssis
1313 4425 1477 4514 intimis
1505 4454 1776 4528 cavernarum
1814 4423 1948 4526 calca·

260 4589 424 4663 tearum
449 4582 663 4669 Uralensis
704 4579 812 4697 jugi,
856 4583 910 4666 ad
942 4579 1092 4667 fluvios
1120 4581 1298 4697 Bjelaja,
1342 4585 1464 4693 Sym,
1493 4583 1683 4689 Iurjusen
1725 4596 1768 4658 et
1808 4572 1948 4659 rivum

259 4710 443 4818 Laeklae
456 4785 470 4799 ·
483 4733 590 4849 silga
622 4735 669 4821 in
703 4732 884 4820 Taurica
925 4729 1207 4838 Chersoneso,
1252 4730 1433 4845 denique
1475 4726 1605 4814 etiam
1647 4725 1862 4841 copiosam
1901 4723 1948 4810 in

264 4882 542 4975 montanistas
567 4887 687 5006 pagis
715 4891 769 4977 ad
795 4885 1006 4978 Jeniseam
1032 4890 1141 4993 flur.
1161 4880 1396 5027 oliserravi.
1466 4881 1708 5014 Pedicairsm
1747 4874 1825 4968 alit
1848 4889 1950 4996 ,epet

758 5050 768 5072 ι
1450 5039 1477 5094 c
