4410 5910
1045 323 1192 405 Ξ
1864 355 1951 441 rts

286 632 289 637 st
484 534 674 625 llirundo
716 535 1005 653 caprimulga,
1057 542 1193 626 Klein.
1229 541 1366 657 prodr.
1405 572 1472 627 ov.
1510 573 1551 658 p.
1592 554 1666 642 or.
1705 573 1799 629 cum
1840 554 1955 634 icone

259 687 275 791 ,ἦ
540 688 677 790 (haud
694 695 838 804 bona).
894 692 1068 804 Zoolog.
1094 694 1185 777 brit.
1205 725 1245 808 p.
1267 729 1331 802 97.
1350 695 1434 778 tab.
1456 698 1507 777 R.
1529 696 1666 778 morli
1685 727 1721 779 r.
1748 697 1950 783 foemina.

484 840 778 956 Caprimulgus
805 872 1057 958 europaeus‚
1086 847 1177 930 Lin.
1204 867 1309 958 tyst.
1339 850 1437 929 XII.
1464 849 1499 928 1.
1528 880 1570 961 p.
1601 861 1695 952 346.
1722 879 1786 961 sp.
1821 883 1853 933 r.
1892 853 1953 932 Le

540 995 734 1109 Crapaud
761 994 924 1099 volant,
969 997 1186 1081 D'nnbent.
1216 1005 1315 1109 pict.
1344 1000 1431 1081 tob.
1468 1012 1558 1103 193.

255 1157 278 1175 “’
373 1142 546 1229 Rossice
574 1148 710 1247 Lilols,
742 1143 837 1230 aliis
872 1149 1110 1233 Tsclrnrillro
1138 1149 1305 1256 (fortes
1326 1145 1528 1260 Ziganico
1554 1146 1803 1249 Tschirilslo,
1830 1149 1954 1260 svis);

425 1295 473 1381 in
502 1295 639 1379 Sibira
667 1328 755 1381 mas
798 1300 1118 1400 Polunosclrnilr,
1178 1296 1361 1407 (mediae
1403 1297 1540 1383 noctis
1580 1299 1707 1412 avis),
1765 1299 1952 1385 foemina

424 1451 569 1549 Le'lels3
610 1447 656 1531 in
683 1447 868 1531 Dauuria
903 1453 1065 1536 Knsnez
1106 1452 1261 1562 (faber)
1288 1452 1344 1535 ob
1388 1446 1714 1535 similitudinem
1741 1454 1954 1567 quandam

423 1599 541 1684 vocis
579 1629 674 1684 curn
711 1598 857 1684 mallei
901 1599 1081 1700 ictibus;
1136 1598 1378 1685 Malorossis
1428 1600 1672 1716 Drjemlugo
1701 1605 1947 1716 (soporosa).

370 1748 779 1836 Baschkiro·Tataris
818 1754 921 1866 Sop3
969 1749 1357 1864 Crasnojarensibus
1386 1753 1439 1834 ad
1466 1748 1675 1836 Jeniseam
1713 1756 1953 1869 Cholgnsch

422 1902 452 1987 i.
476 1931 499 1985 e
522 1903 648 1986 stulta
673 1899 760 1986 avis
789 1906 942 2010 (Mas),
984 1901 1143 1988 femina
1176 1905 1307 2001 Uulu,·
1337 1904 1491 1992 Iacntis
1523 1904 1727 1990 Tulorbels
1748 1908 1949 2018 (nyctea).

254 2092 260 2104 ·
368 2050 582 2166 Mongolis
618 2055 817 2138 Ssoroltzi
869 2053 938 2138 vel
979 2056 1279 2165 Mochoyeroe3
1321 2054 1511 2141 Buraetis
1540 2055 1807 2168 ,Churigotm
1854 2052 1949 2141 cal·

426 2204 585 2290 muccis
611 2205 846 2316 Ergii-boro
862 2203 897 2287 i.
920 2234 958 2288 e.
980 2208 1129 2292 stultus
1149 2204 1397 2320 variegatus,
1427 2203 1527 2322 quia
1548 2204 1594 2289 in
1614 2207 1781 2289 deserto
1803 2206 1949 2319 plano,

428 2357 503 2442 ubi
529 2353 652 2440 nidos
680 2354 835 2469 passim
862 2353 1013 2461 habet,
1045 2382 1141 2445 ante
1170 2361 1301 2475 pedes
1325 2355 1620 2441 itinerantium
1645 2356 1851 2442 subvolat.
1875 2452 1878 2458 .

252 2550 257 2557 ·
369 2507 578 2624 Tungusis
610 2510 769 2594 Uhmill
797 2529 840 2591 et
870 2510 912 2589 T
910 2511 1186 2619 egialo-Kurra
1214 2511 1349 2618 (faber
1375 2511 1635 2616 nocturnus).

367 2659 703 2753 Camtschadalis
729 2661 1029 2764 Edschlsatscm
1060 2659 1156 2744 aliis
1184 2663 1521 2772 Syhoetschutsh.

266 2841 269 2847 ’
393 2822 474 2900 Per
501 2839 673 2898 omnem
700 2801 892 2894 Rossiem
913 2832 956 2892 et
980 2807 1180 2894 Sibiriam
1202 2833 1415 2926 utcunque
1437 2833 1725 2923 temperatam,
1739 2814 1945 2920 abundat,

255 2964 506 3087 praesertim
533 2963 679 3077 pineta
707 2982 906 3045 montana
933 2991 1094 3062 amans,
1126 2956 1350 3044 solitarius.
1408 2959 1786 3071 Frequentissimus
1812 2966 1866 3048 ad
1886 2973 1947 3050 lr-

254 3122 321 3207 tin
352 3112 608 3235 superiorem
636 3111 683 3197 in
710 3111 840 3225 sylvis
860 3109 995 3226 piceis
1016 3107 1255 3195 rarioribus.
1313 3111 1397 3194 Sed
1417 3111 1638 3195 observavi
1658 3110 1809 3217 etiam,
1849 3142 1947 3199 cum

257 3271 351 3357 aliis
379 3263 594 3352 nocturnis
633 3261 779 3347 avibus
816 3260 915 3346 satis
956 3262 1246 3374 frequentem,
1285 3260 1332 3345 in
1374 3259 1635 3347 arundinetis
1675 3260 1788 3348 circs
1829 3293 1945 3351 mare

256 3418 457 3535 Caspium
485 3438 529 3501 et
556 3413 669 3500 circa
696 3414 827 3499 colles
863 3442 1013 3528 rupeos
1058 3412 1105 3496 in
1148 3410 1291 3498 medio
1335 3416 1501 3498 deserto
1538 3411 1650 3500 inter
1689 3410 1872 3522 Volgam
1901 3427 1945 3492 et

255 3570 506 3684 Rhymnum
547 3564 703 3680 passim
740 3594 927 3680 sparsos,
981 3563 1056 3648 ubi
1083 3563 1268 3649 interdiu
1296 3564 1440 3649 medio
1467 3563 1514 3650 in
1541 3595 1692 3681 campo
1721 3557 1844 3647 humi
1883 3584 1947 3641 se·

256 3725 383 3822 dent,
416 3745 540 3831 saepe
570 3738 666 3800 ante
693 3712 807 3830 ipsos
836 3741 1039 3829 equorum
1067 3717 1196 3828 pedes
1225 3715 1468 3814 subvolans,
1496 3716 1608 3801 unde
1636 3712 1784 3801 stolidi
1809 3708 1944 3795 nomi·

252 3903 307 3959 na
338 3867 502 3954 meruit.
532 3871 665 3949 Datur
694 3887 738 3948 et
764 3863 811 3950 in
840 3863 1105 3953 Chersoneso
1131 3866 1303 3950 taurica.
1346 3868 1482 3953 Nidus
1509 3894 1677 3980 semper
1702 3860 1851 3966 humi,
1881 3860 1944 3944 lo·

253 4020 316 4108 cis
345 4015 591 4136 praesertim
619 4014 795 4101 desertis
824 4038 866 4099 et
895 4013 1151 4131 rupestribus
1164 4075 1180 4114 ,
1207 4017 1275 4100 vel
1304 4037 1347 4100 et
1375 4017 1421 4101 in
1449 4015 1639 4101 arbustis.
1687 4021 1747 4097 'In
1776 4006 1941 4124 majori·

249 4173 329 4258 bus
361 4167 501 4255 fluviis
543 4166 832 4282 navigantium
874 4167 1034 4251 vexilla
1076 4168 1282 4253 malorum
1325 4168 1419 4251 alba
1460 4189 1589 4253 noctu
1630 4159 1939 4253 circumvolare

251 4324 373 4410 solet.
431 4320 689 4435 Crepusculo
717 4317 901 4402 maxime
929 4339 973 4401 et
1000 4319 1075 4400 sub
1104 4316 1241 4402 noctis
1268 4315 1467 4416 initium,
1508 4319 1792 4417 Scarabaeos,
1836 4309 1942 4396 Pha·

249 4474 391 4558 laenas
425 4471 591 4582 aliaque
620 4476 782 4553 Insecta
811 4492 997 4564 venatur,
1028 4490 1282 4581 quapropter
1312 4468 1436 4552 villas
1465 4467 1596 4552 etiam
1622 4487 1668 4550 et
1695 4494 1824 4580 pagos
1851 4493 1938 4549 non

248 4622 467 4710 illibenter
508 4621 760 4731 frequentat.
803 4625 968 4733 Hyeme
997 4620 1051 4702 ad
1080 4639 1263 4700 austrum
1288 4616 1390 4703 abit.
1434 4622 1606 4703 Volotns
1634 4615 1774 4701 brevis
1801 4617 1943 4716 celer,

248 4802 297 4860 ac
333 4771 423 4859 sine
467 4767 669 4885 strepitu,
718 4767 855 4875 levis,
897 4771 973 4854 sed
1012 4788 1142 4855 noctu
1179 4797 1388 4854 susurrum
1416 4768 1626 4882 quendam
1656 4765 1939 4882 interruptum
