4410 5910
460 1033 1600 1195 LACTANTIA.

780 1344 854 1423 *l*

849 1408 860 1451 r

643 1504 1404 1592 *on-ru·—

173 1956 427 2104 Rossicum
456 2013 699 2133 Imperium,
729 2016 921 2132 quamvis
948 2014 995 2102 in
1023 2013 1305 2122 interioribus,
1335 2016 1583 2134 praesertim
1604 2051 1744 2110 versus
1762 2030 1867 2114 Aus-

181 2188 292 2251 trum
322 2192 362 2253 et
397 2167 642 2270 Orientem,
680 2169 872 2282 regiones
899 2169 1056 2286 passim
1082 2192 1217 2254 vastas
1253 2193 1297 2254 et
1333 2171 1471 2255 minus
1504 2176 1728 2289 populosas
1763 2179 1866 2264 olfe-

184 2343 260 2425 rat,
288 2319 428 2405 minus
453 2342 597 2404 tamen
624 2319 893 2408 Animalibus
919 2319 1123 2406 laetiferis
1148 2320 1412 2405 terrestribus
1433 2351 1507 2408 seu
1528 2323 1589 2408 ita
1611 2327 1737 2412 dictis
1754 2331 1867 2446 Qua·

180 2472 422 2588 drupedibus
456 2470 696 2587 spontaneis
723 2471 770 2557 in
798 2502 950 2587 genere
980 2475 1176 2576 abundat,
1208 2502 1334 2587 quam
1361 2473 1488 2587 vulgo
1524 2478 1722 2562 creditur.
1792 2479 1865 2566 sic

171 2623 285 2708 enim
319 2657 361 2710 v.
401 2653 463 2738 gr.
499 2624 677 2709 Polonia
703 2622 828 2741 eique
855 2623 1041 2709 finitima
1068 2621 1296 2709 Lithuania
1322 2625 1449 2739 longe
1485 2627 1617 2743 magis
1651 2635 1865 2745 Luporum

170 2773 418 2861 cohortibus
445 2773 678 2879 infestatur,
702 2805 830 2890 quam
856 2776 943 2860 ulla
971 2773 1145 2859 Rossiae
1168 2775 1237 2857 vel
1252 2773 1431 2860 Sibiriae
1452 2779 1658 2880 solitudo;
1686 2803 1730 2868 et
1750 2813 1862 2866 cam·

168 2927 327 3044 pestria
354 2924 557 3031 Sibiriae,
593 2925 699 3011 licet
725 2925 858 3042 magis
887 2927 1092 3030 desertae,
1120 2924 1303 3010 minores
1329 2928 1437 3012 feras
1463 2925 1579 3016 haud
1605 2931 1756 3046 maj01i
1790 2962 1860 3019 co·

167 3079 242 3195 pia
278 3081 417 3185 alunt,
456 3110 582 3196 quam
616 3078 709 3193 ipsa
743 3077 905 3163 Rossia.
976 3077 1061 3162 Sed
1088 3105 1173 3191 quo
1200 3088 1462 3192 temperatior
1487 3079 1623 3165 omnis
1649 3087 1778 3197 regio,
1807 3114 1859 3173 eo

168 3230 430 3346 frequentior
458 3229 741 3315 animantibus
768 3229 915 3330 variis3
943 3227 988 3314 et
1012 3230 1157 3344 Alpes,
1185 3257 1292 3343 quae
1321 3231 1544 3315 australem
1565 3231 1783 3320 universae
1799 3235 1861 3320 si·
1995 3316 1997 3321 .

169 3382 304 3469 bitiae
331 3381 519 3467 limitem
546 3379 753 3485 efficiunt,
782 3378 847 3466 uti
876 3403 920 3467 et
943 3382 1140 3465 Uralense
1161 3386 1308 3497 jugam
1337 3379 1537 3465 Sibiriam
1564 3415 1587 3465 a
1616 3383 1765 3469 Rossia
1790 3416 1861 3469 eu·

167 3563 320 3648 ropaea
348 3533 659 3637 disterminans,
688 3554 733 3618 et
759 3532 1017 3618 editissimus
1038 3531 1264 3630 Caucasus,
1299 3531 1484 3616 maxime
1521 3536 1735 3619 abundant
1769 3533 1862 3652 qui·

166 3684 310 3769 bassis
336 3686 479 3770 'etiam
514 3684 740 3801 majoribus
778 3683 954 3770 Cervini
988 3680 1152 3797 generis
1181 3681 1453 3787 animalibus,
1483 3684 1859 3804 grandioribusque
1981 3792 1985 3800 ι

167 3836 286 3937 leris3
325 3840 429 3922 dum
464 3834 725 3953 campestria
748 3835 930 3921 minores
967 3833 1188 3919 Mustelini
1223 3857 1268 3920 et
1303 3834 1457 3921 Canini
1493 3835 1657 3949 generis
1696 3839 1860 3956 species

166 3988 390 4105 praecipue
421 3987 721 4104 multiplicant,
749 4017 909 4105 proque
935 3985 1086 4072 harum
1120 3986 1326 4090 alimento
1353 3985 1458 4070 mire
1486 3987 1602 4072 varia
1637 4011 1682 4073 et
1715 4020 1858 4075 nume·

166 4171 258 4226 rosa
286 4140 450 4226 Murini
478 4140 643 4255 generis
670 4141 871 4257 progenie
899 4139 1123 4257 pullulant.
1172 4143 1302 4220 Vasta
1319 4138 1515 4224 Tatariae
1534 4143 1857 4257 Mangoliaeque

165 4295 327 4379 deserta
354 4292 482 4379 simul
510 4290 704 4406 gregibus
733 4292 834 4376 feris
860 4298 1089 4406 Equorum,
1118 4288 1387 4390 Hemionum,
1417 4290 1679 4402 Onagromm
1706 4316 1751 4378 et
1771 4297 1857 4376 An-

164 4445 394 4562 tiloparum
422 4443 715 4549 nobilitantur,
745 4474 849 4560 quos
875 4463 1171 4534 conterraneus
1198 4438 1420 4554 Tygrides,
1449 4441 1595 4525 Oncae
1615 4464 1660 4526 et
1679 4441 1859 4526 Panthe-

166 4627 236 4680 rae
270 4596 483 4713 imprimis
517 4621 736 4682 venantur.
802 4599 974 4682 Arctica
1008 4622 1110 4679 vero
1140 4592 1334 4706 glabreta
1368 4591 1657 4694 venatoribus,
1692 4613 1858 4705 praeter

170 4747 278 4833 solos
305 4752 535 4854 Tarandos,
566 4748 731 4864 origine
748 4750 908 4867 prima,
931 4769 980 4835 ut
1002 4745 1192 4852 ridetur,
1223 4745 1448 4861 alpestres,
1480 4742 1713 4827 vix-ullam
1731 4764 1886 4858 'prae-n

175 4897 273 4986 dam
299 4903 555 4991 esculentam
581 4903 777 4991 offerunt.

1364 5059 1388 5114 ο
