4410 5910
1052 303 1202 355 ”·-“·“·-“““··
1880 300 1968 386 473

497 501 555 586 Le
590 495 742 584 ·Vitrec
782 527 856 612 ouj
877 504 1044 604 Moteu,
1087 497 1370 586 D’Aubenton.
1412 509 1511 616 piet.
1553 500 1640 587 tab.
1668 513 1764 609 554.
1796 505 1901 615 (mas
1929 525 1973 588 et

552 653 770 766 foemina).

496 847 667 932 Wheat.
698 878 789 947 ear,
819 853 1008 934 Latbam.
1038 879 1131 960 syn.
1161 850 1234 931 IV.
1263 878 1305 964 p.
1336 862 1431 953 465.
1458 880 1498 932 n.
1527 862 1596 958 75.

385 1073 526 1160 Rossis
555 1074 681 1187 vulgo
709 1079 956 1191 Poputsclu’la
985 1036 1140 1186 (comes
1170 1072 1419 1180 viatorum),
1447 1074 1552 1159 item
1576 1079 1788 1162 Kamarika
1816 1101 1859 1162 et
1887 1081 1969 1161 Ka·

440 1237 615 1311 menitzo
663 1221 994 1340 (Lithophila);
1041 1228 1093 1309 ad
1134 1223 1345 1309 Jeniseam
1383 1228 1622 1341 Popugeilsa
1665 1228 2003 1341 (Psittacula);.

438 1380 546 1461 ultra
575 1376 787 1461 Balcalem
821 1380 985 1462 Tsclu'ls·
1007 1381 1051 1484 (a
1082 1385 1219 1489 voce).
1908 1395 1909 1398 ‘

408 1611 459 1689 In
488 1604 638 1690 Rossia
664 1626 707 1688 et
736 1631 1008 1718 peromnem
1036 1600 1256 1699 Sibiriam,
1294 1632 1391 1687 cum
1420 1603 1613 1717 sequenti
1641 1629 1685 1689 et
1711 1610 1867 1691 eodem
1894 1634 1967 1687 no·

274 1760 387 1842 mine
417 1756 587 1870 gentili3
632 1754 816 1839 maxime
859 1755 1053 1867 frequens
1082 1755 1128 1836 in
1156 1752 1412 1868 rupestribus
1442 1756 1594 1870 apricis
1636 1757 1812 1841 desertis
1853 1756 1967 1841 circa

270 1908 481 1995 Jeniseam
510 1929 553 1991 et
580 1930 692 1990 trans
721 1907 933 1990 Balcalem
963 1906 1114 1988 lacum.
1184 1903 1309 1990 Circa
1351 1908 1554 1992 Uralense
1581 1916 1726 2021 jugum
1754 1913 1966 2022 usquead

272 2063 490 2147 Oceanum
518 2057 742 2172 glacialem
770 2055 939 2170 copiose
970 2061 1226 2141 observatur.
1282 2058 1439 2141 Nidum
1466 2059 1614 2143 condit
1654 2060 1766 2144 inter
1794 2092 1893 2144 saxa
1922 2082 1966 2144 et

271 2241 414 2327 rupes,
459 2211 525 2293 vel
566 2209 609 2291 in
640 2208 845 2292 cuniculis
875 2209 1222 2293 animalculorum
1261 2208 1498 2308 derelictis,
1540 2239 1664 2324 saepe
1707 2214 1760 2295 ad
1803 2210 1967 2326 aliquot

263 2365 426 2479 pedum
455 2361 797 2476 profunditatem.
856 2363 1085 2443 Incubante
1116 2357 1300 2444 foemina
1328 2364 1509 2445 excubat
1537 2360 1650 2447 circa
1676 2386 1850 2477 penates
1876 2393 1965 2448 mas

262 2538 315 2601 et
340 2515 613 2598 accedentem
642 2511 860 2597 hominem
890 2513 1161 2614 abducturus,
1193 2542 1290 2600 cum
1315 2510 1542 2612 continuo,
1570 2546 1716 2618 raucO,
1745 2517 1833 2599 fere
1861 2521 1965 2609 Tur·

271 2666 318 2753 di
345 2666 528 2751 clamore
557 2659 921 2772 (tschikmschtk)
951 2660 1281 2765 circumvolitat,
1311 2661 1400 2749 imo
1428 2693 1552 2780 saepe
1573 2666 1700 2776 jaculi
1721 2667 1852 2751 instar
1870 2695 1963 2750 ver·

270 2849 336 2902 sus
364 2818 488 2901 illum
517 2818 647 2900 fertur
673 2816 872 2910 infestus,
914 2812 1068 2897 timida
1095 2813 1285 2926 quamvis
1314 2815 1417 2900 avis.
1488 2818 1608 2901 Alias
1635 2818 1830 2903 cantillat
1857 2816 1962 2934 voli·-

255 2994 381 3072 -tans,
411 2969 541 3053 instar
568 2969 828 3053 Alaudarum
856 2967 1131 3078 quarundam.
1203 2967 1360 3049 Nidum
1396 2966 1584 3079 gramine
1614 2990 1658 3051 et
1686 2966 1836 3052 alienis
1870 2968 1962 3083 plu-

268 3125 349 3208 mis
376 3119 601 3234 compilat‚
644 3117 756 3199 intus
796 3116 896 3229 pilis
933 3114 1136 3219 cervinis,
1179 3114 1368 3217 bovinis,
1408 3116 1622 3232 ovillaque
1649 3119 1745 3202 lana
1772 3139 1960 3202 stratum.

269 3276 363 3360 Ova
403 3291 431 3388 4
467 3273 520 3352 ad
564 3285 602 3355 5.
645 3266 952 3382 pulcherrima,
995 3270 1314 3381 cyaneo-alba,
1356 3271 1543 3382 pondere
1583 3270 1873 3384 scrupulorum
1917 3305 1955 3357 a.

268 3398 496 3512 Caeterum
535 3417 657 3503 humi
700 3449 864 3534 semper
904 3440 948 3502 et
988 3417 1033 3501 in
1075 3416 1186 3502 saxis
1224 3417 1444 3504 considere
1492 3443 1629 3518 amat,
1684 3419 1956 3529 insectivora.

269 3580 371 3663 Sero
400 3596 600 3657 autumno
629 3570 800 3687 migrat,
843 3593 1017 3684 tumque
1046 3567 1158 3653 circa
1187 3569 1276 3654 vias
1303 3570 1488 3658 maxime
1517 3571 1687 3676 volitat,
1728 3574 1840 3658 unde
1874 3602 1957 3659 ros·

251 3727 402 3815 'ticum
428 3753 598 3810 nomen.

403 3979 577 4062 Descr.
632 3980 825 4062 Rostrum
852 3973 1039 4087 nigrum3
1080 4004 1127 4062 os
1161 3971 1274 4058 intus
1315 3975 1498 4061 latescit.
1567 3979 1697 4062 Frons
1729 3972 1955 4089 crepidine

266 4161 390 4246 snpra
416 4129 562 4213 oculos
589 4125 834 4218 continuata
861 4127 990 4211 albet.
1044 4127 1197 4211 Fascia
1222 4124 1342 4238 nigra
1369 4149 1546 4212 arostro
1566 4128 1820 4242 peroculos,
1850 4124 1955 4218 hinc

249 4306 343 4400 'per
369 4290 559 4394 tempora
586 4302 632 4363 et
659 4308 776 4362 aures
805 4277 993 4363 dilatata.
1051 4280 1210 4392 Corpus
1237 4308 1360 4392 supra
1386 4277 1620 4384 cinereum,
1653 4277 1786 4392 magis
1802 4275 1955 4361 minue·

244 4461 319 4519 ’νο
347 4432 605 4530 obsoletum
629 4431 777 4513 subtus
803 4429 1013 4545 pallidum
1040 4430 1112 4513 vel
1139 4431 1439 4515 stmlutascens.
1494 4434 1602 4516 Aloe
1630 4430 1789 4544 nigrae.
1846 4429 1955 4515 cau·

261 4588 323 4670 du
363 4581 589 4669 dimidiato
602 4632 618 4648 ·
632 4582 753 4682 alba3
802 4580 1049 4684 rectricibus
1086 4579 1242 4678 mediis
1283 4580 1459 4668 ulterius
1500 4580 1657 4670 atratis.
1721 4580 1890 4670 Pondus
1925 4606 1954 4665 a

257 4732 850 4846 drachmasadqvarina
910 4763 914 4769 '
1386 4834 1390 4841 Ι
1484 4771 1487 4774 ·
1911 4780 1913 4785 v

1465 4897 1517 4971 6⁰
