4410 5910
1707 530 1715 539 -
1738 460 1870 554 XVII
1893 453 1896 465 ‘⁴

165 734 286 829 ideo
333 724 458 822 nihil
502 742 670 855 agunt,
727 722 832 851 ¹qui
875 749 1040 850 postea
1075 730 1371 841 'excolendae'
1416 733 1633 826 scientiae
1680 763 1896 856 operam

166 910 480 1000 collocarunt.
553 906 653 1012 Sic,
699 924 753 995 ut
787 909 836 994 in
861 905 1113 994 recentiori
1150 904 1366 1023 exemplo
1403 907 1670 1017 consistam,
1708 912 1873 1027 quam-A

167 1111 313 1203 quam
357 1076 394 1168 S
403 1077 881 1168 wantinerdomius
908 1070 1136 1198 'operosis
1182 1096 1229 1166 et
1272 1078 1568 1167 nobilissimis
1612 1084 1865 1172 observatis

170 1225 457 1345 insectorum
489 1272 719 1360 naturam,
791 1244 1085 1340 minutiosum
1122 1269 1360 1338 anatomeu
1397 1269 1446 1338 et
1481 1259 1864 1374 metamorphoses

165 1429 481 1550 patefecerat,
552 1444 749 1514 attamen
803 1428 844 1512 si
896 1425 1141 1514 minutiosa
1192 1423 1538 1530 Renumurii,
1590 1427 1864 1531 Russelii,

170 1590 418 1721 Lyoncti
469 1622 563 1688 non
598 1601 862 1689 accessisset
905 1598 1128 1686 industria
1137 1661 1154 1704 ,
1207 1599 1353 1688 multa
1389 1597 1649 1690 hodienum
1677 1604 1865 1726 egregia

170 1803 254 1865 nos
289 1778 501 1865 laterent.

347 1946 581 2067 Denique,
617 1940 770 2067 posito
807 1942 951 2039 multa
992 1967 1115 2038 nunc
1151 1942 1368 2039 historiae
1403 1945 1627 2040 naturalis
1662 1952 1873 2040 cultores

175 2148 303 2216 nunc
335 2141 578 2240 occupare,
625 2151 744 2241 quae
780 2126 838 2212 ad
869 2112 1096 2213 Scientiae
1131 2126 1443 2213 tantummodo
1480 2127 1865 2242 complementum

183 2297 404 2403 serviunt,
440 2296 576 2384 immo
612 2324 732 2415 quae
767 2315 943 2388 tantum
960 2264 963 2269 ¹
979 2303 1169 2411 jnvant3
1206 2318 1357 2386 nonne
1394 2300 1508 2386 istae
1529 2299 1764 2404 minutiae,
1802 2298 1863 2388 ad

168 2470 346 2559 futuros
382 2489 494 2558 usns
530 2472 781 2590 aliquando
817 2472 934 2560 forte
970 2464 1264 2593 dirigendae,
1309 2472 1525 2586 praeferri
1560 2491 1756 2589 possunt
1791 2489 1862 2562 tot

167 2645 296 2732 seriis
331 2644 496 2766 nugis,
530 2618 700 2763 quibrls
735 2645 1005 2751 Rhetorica,
1042 2645 1225 2751 Possis,
1262 2624 1446 2766 garrula
1481 2641 1862 2762 Iurisprudentia,
1998 2754 2000 2759 ¹
2106 2616 2110 2623 ⁵

167 2836 494 2937 aeternumque
549 2807 792 2955 duraturae¹
846 2812 1270 2937 Metaphysicornm
1320 2815 1473 2939 ¹atque¹
1507 2813 1859 2942 Theologorum

166 2993 297 3080 rixae
320 3046 326 3059 ·
348 2982 431 3081 tot
473 2984 763 3080 voluminum
801 2970 967 3081 'millia
986 3058 996 3065 .,
1016 2983 1405 3110 'postztnvenram
1449 2961 1867 3114 ¹Typ'ographiam,

166 3164 492 3283 adimplerunt.
565 3159 726 3255 Nonne
771 3165 1177 3284 Physiophilorum
1224 3163 1372 3253 etiam¹
1395 3162 1869 3279 indoctioruirr'ludi53

161 3336 329 3429 Museo
345 3405 361 3445 ,
407 3339 543 3427 immo
579 3367 761 3460 nugae,
820 3340 996 3427 saniore
1032 3341 1206 3449 judicio
1242 3341 1623 3455 ponderantibus,
1676 3340 1858 3455 praefe-

162 3513 336 3601 rendae
377 3513 660 3601 videbuntur
706 3514 831 3600 ludis
873 3513 1065 3601 scenicis
1111 3529 1158 3600 et
1199 3511 1498 3630 pecuniariis,
1558 3509 1727 3631 quibus
1763 3529 1856 3602 tam

163 3686 360 3806 prodige
404 3703 586 3806 tempus
605 3774 611 3781 .
632 3705 680 3774 et
723 3686 928 3776 fortunas
972 3686 1249 3805 impendunt
1290 3676 1539 3804 proceres?
1596 3686 1680 3772 vel
1714 3686 1854 3802 pictis

163 3859 338 3945 tabulis
359 3878 407 3946 et
435 3878 530 3948 arte
567 3861 763 3979 sculptis
798 3861 1093 3981 imaginibus,
1131 3889 1249 3978 quae
1286 3861 1515 3949 thesauris
1551 3857 1851 3958 redimuntur,

162 4048 221 4118 ut
257 4030 316 4120 ad
352 4049 536 4153 tempus
574 4034 664 4123 sint
700 4004 1011 4152 spectaculo?
1072 4035 1155 4121 vel
1190 4034 1375 4121 tandem
1410 4027 1600 4151 reliquis
1637 4033 1852 4120 luxuriae

160 4220 215 4292 et
247 4206 487 4294 suberbiae
533 4200 820 4323 crepundiis,
885 4235 1005 4325 quae
1049 4208 1098 4294 in
1138 4225 1315 4295 tantum
1361 4205 1502 4293 hodie
1538 4205 1853 4307 invaluerunt,

160 4395 220 4465 ut
256 4381 474 4469 mundum
519 4381 614 4468 fere
658 4399 819 4502 regant
854 4400 902 4469 et
937 4398 1057 4471 meta
1094 4379 1208 4485 sint,
1270 4408 1363 4499 quo
1399 4382 1532 4467 turba
1569 4378 1714 4464 omnis
1750 4373 1852 4463 cul·

156 4551 332 4641 tiorum
368 4554 631 4668 hominum,
668 4556 803 4641 etiarn
841 4581 923 4673 per
959 4553 1146 4641 crimina
1183 4570 1231 4639 et
1265 4552 1479 4669 periuria,
1516 4550 1679 4638 tendit.

340 4723 572 4846 Denique,
618 4728 657 4815 si
676 4729 1008 4846 phylisophico
1038 4727 1188 4815 animo
1213 4725 1402 4843 interest
1423 4723 1554 4845 globi
1589 4719 1729 4808 nostri
1749 4721 1851 4808 uni·

161 4922 365 5007 versum,
399 4918 447 4989 et
463 4901 722 5006 relationes,
770 4901 1111 5018 similitudines,
1147 4899 1366 4998 divortia,
1391 4915 1597 4990 naturam
1613 4921 1863 5016 corporum,

1342 5069 1412 5128 *at*
