4410 5910
1048 349 1196 404 Ξ
1876 352 1968 443 442

412 546 735 664 Antiquioribus
762 547 932 635 nonnisi
959 551 1131 635 confuse
1160 548 1329 664 cognita
1358 546 1467 648 avis,
1504 553 1733 671 paucisque
1762 554 1965 643 recentio-

276 728 367 784 rum
395 702 485 784 visa
514 722 557 783 et
584 700 630 784 in
657 732 731 786 suo
760 732 912 816 genere
940 702 1150 786 coloribus
1178 703 1336 818 pariter
1378 722 1423 787 et
1461 701 1574 790 vitae
1603 737 1757 822 genere
1784 708 1965 824 singula-

274 851 350 957 ris,
393 852 439 936 in
468 852 653 936 maxime
683 853 939 968 rupestribus
977 852 1176 958 Sibiriae,
1219 854 1432 939 lubentius
1460 857 1613 970 apricis
1642 883 1687 943 et
1713 861 1962 975 praeruptis,

273 1003 387 1090 circa
414 1005 603 1090 Alta‘icos
639 1028 800 1089 montes
845 1026 890 1090 et
929 1003 975 1089 in
1016 1004 1133 1089 omni
1173 1012 1345 1121 regione
1386 1006 1733 1092 transbaicslensi
1770 1011 1965 1124 frequens

273 1179 349 1242 est.
420 1157 597 1242 Tardius
639 1156 891 1261 Mataeillis,
933 1155 1172 1272 Turdisque
1213 1157 1390 1273 reliquis
1417 1180 1462 1243 et
1490 1158 1635 1243 adulto
1664 1162 1836 1246 demum
1864 1188 1962 1245 vere

272 1310 456 1394 advolat.
528 1310 635 1396 Cum
664 1307 822 1423 insigni
852 1311 1033 1394 fistulata
1061 1340 1138 1424 per
1166 1342 1265 1393 saxa
1293 1331 1337 1395 et
1364 1308 1616 1426 praecipitia
1656 1313 1860 1412 desultat,
1901 1343 1964 1397 ra·

270 1461 437 1576 riusque
466 1462 602 1559 volat,
638 1460 712 1545 sed
741 1494 763 1545 a
791 1485 989 1547 venatore
1019 1459 1172 1546 fissuris
1200 1460 1367 1577 rupium
1396 1491 1485 1546 sese
1514 1461 1640 1548 facile
1667 1486 1837 1550 tutatur.
1893 1461 1963 1548 Ibi

268 1636 313 1699 et
340 1611 488 1698 nidum
515 1614 677 1699 condit.
746 1615 900 1699 Adulti
925 1611 1029 1698 hinc
1057 1612 1311 1698 difficillime
1341 1612 1600 1699 occiduntur.
1669 1621 1804 1701 Datur
1831 1612 1962 1700 etiam

268 1767 315 1851 in
344 1767 530 1854 Caucaso
558 1789 603 1849 et
629 1765 675 1850 in
704 1766 914 1853 montanis
943 1767 1108 1851 Persiae
1137 1764 1359 1879 hybemat.
1418 1766 1570 1851 Colore
1597 1730 1961 1852 secundumaeta-

265 1941 355 2005 tem
384 1918 611 2002 admodum
640 1917 792 2017 variat;
821 1919 930 2035 pulli
957 1940 1101 2003 tamen
1128 1915 1305 2002 masculi
1333 1939 1532 2002 autumno
1558 1926 1644 2032 jam
1671 1919 1960 2035 plumaginem

266 2071 505 2160 adultorum
534 2070 741 2155 aemulam
770 2069 965 2158 induunt.
1028 2075 1288 2156 Linnaeus
1316 2099 1341 2154 e
1369 2067 1532 2182 juniore
1560 2069 1748 2186 speciem
1774 2071 1960 2186 descrip-

265 2223 335 2311 sit.
391 2227 650 2310 Brissonii
679 2221 909 2338 descriptio
937 2221 1036 2310 satis
1063 2226 1171 2330 fida,
1213 2225 1288 2308 sed
1314 2220 1504 2307 foemina
1530 2244 1576 2308 et
1600 2221 1813 2336 juniorum
1840 2224 1957 2309 color

263 2407 341 2495 pro
371 2375 571 2461 distincta
598 2374 739 2491 specie
768 2373 984 2492 imposuit.

403 2532 577 2613 Descr.
633 2530 799 2613 Adulti:
827 2530 1075 2642 Magnitudo
1103 2528 1213 2615 infra
1242 2533 1454 2616 Stumum.
1510 2532 1702 2617 Rostrum
1728 2529 1955 2646 nigricans,

261 2668 337 2768 sed
366 2681 509 2797 anguli
536 2681 620 2765 oris
649 2703 692 2764 et
722 2711 767 2765 os
795 2678 909 2768 intus
937 2681 1175 2768 flavissima.
1232 2684 1365 2768 Nares
1385 2684 1536 2767 nudae.
1592 2684 1676 2767 Pau
1695 2682 1804 2767 nulli
1831 2714 1955 2798 supra

261 2831 348 2922 oris
377 2836 563 2947 angulos.
632 2838 741 2918 Lara
777 2832 1067 2919 luscescentia.
1141 2838 1279 2950 Caput
1306 2864 1404 2918 cum
1431 2834 1546 2918 collo
1571 2854 1664 2917 tato
1693 2833 1828 2919 dilute
1857 2867 1956 2952 cya-

258 3014 407 3090 neum,
438 2985 592 3100 plumis
621 2985 712 3069 basi
741 2985 1072 3072 canescentibus.
1128 2988 1311 3072 Dorsum
1338 2982 1482 3098 nigro,
1526 2985 1865 3091 coerulescente,
1898 2991 1957 3072 al-

256 3140 399 3252 boque
427 3137 658 3221 nebuloso·
673 3136 941 3221 maculatum.
998 3145 1176 3224 Alarum
1194 3141 1314 3226 bases
1336 3167 1459 3251 supra
1473 3133 1640 3250 nigrum
1667 3139 1954 3224 coerulescen·

256 3310 336 3374 tes.
405 3290 669 3404 Uropygium
696 3289 860 3387 album,
899 3317 1040 3373 versus
1067 3292 1244 3375 caudam
1271 3292 1389 3377 lusco
1402 3289 1745 3395 ¹scoerulescente
1774 3289 1950 3379 varium.

256 3442 404 3527 Pectus
430 3462 475 3525 et
502 3442 731 3543 abdomen,
762 3441 936 3556 alaeque
965 3445 1108 3527 subtus
1136 3441 1302 3528 intense
1330 3443 1468 3542 sulva3
1505 3449 1677 3526 crissum
1703 3441 1950 3548 obsoletius,

255 3591 394 3679 lituris
422 3592 583 3708 aliquot
611 3591 855 3675 transversis
883 3593 1023 3679 fuscis.
1092 3598 1284 3707 Remiges
1324 3593 1484 3677 alarum
1526 3595 1729 3703 (caudam
1772 3620 1952 3707 aequau-

252 3744 382 3854 tium)
416 3745 697 3860 tectriccsque
726 3743 955 3830 obsoletius
983 3745 1142 3860 nigrae.
1212 3745 1362 3830 Gauda
1390 3741 1598 3859 aequalis,
1641 3774 1738 3829 cum
1764 3743 1950 3833 tectrici·

253 3897 332 3983 bus
359 3896 442 3983 suis
471 3901 587 3997 rufa,
627 3895 805 3984 rectrice
845 3895 988 3983 media
1029 3919 1140 4001 tota,
1183 3895 1345 3981 extima
1390 3897 1523 3981 latere
1562 3893 1774 3979 exteriore
1788 3941 1804 3958 ·
1817 3896 1947 3982 lusca.

251 4047 382 4135 Pedes
418 4048 672 4146 mediocres,
716 4046 843 4151 fusci,
886 4046 1108 4136 tibialibus
1149 4047 1359 4134 indivisis.
1429 4047 1542 4132 Ulna
1581 4044 1742 4130 alarum
1780 4045 1843 4151 4''.
1872 4057 1947 4159 7'‘'.

250 4201 385 4286 cauda
416 4202 474 4284 a''.
504 4199 637 4284 tibiae
673 4205 727 4284 1'·'.
763 4205 828 4285 1⁰¹.
858 4197 1017 4313 digitus
1048 4200 1236 4316 posticas
1278 4207 1403 4310 (cum
1431 4226 1568 4312 ungue
1597 4202 1697 4309 3’”.)
1737 4208 1810 4308 7''‘.
1876 4199 1945 4287 Ju-

251 4359 344 4436 niar
383 4349 473 4438 avis
513 4351 780 4437 Linnaesnae
821 4349 1099 4467 descriptioni
1142 4350 1315 4437 omnino
1355 4353 1605 4466 respondet,
1647 4372 1693 4435 et
1716 4351 1747 4433 S
1753 4357 1944 4438 tellera

251 4524 380 4618 atque
410 4506 639 4591 Gmelino
668 4536 749 4590 sen.
780 4503 939 4620 pariter
966 4534 1044 4619 pro
1072 4502 1273 4589 distincta
1298 4501 1439 4616 specie
1467 4499 1617 4587 habita
1642 4523 1718 4587 est.
1777 4507 1827 4584 In
1854 4506 1945 4616 put·

247 4660 305 4743 lis
345 4683 499 4771 nempe
539 4657 675 4773 prima
704 4678 883 4741 aestate:
923 4658 1116 4744 Rostrum
1157 4657 1342 4753 fuscum,
1385 4653 1548 4769 angulis
1580 4651 1664 4739 oris
1692 4649 1944 4769 prominulis

248 4805 384 4892 flavis.
455 4811 582 4899 Color
608 4808 795 4926 corporis
821 4811 909 4896 fere
937 4806 1011 4924 qui
1038 4805 1258 4895 Lusciniae
1288 4807 1449 4915 furvus,
1491 4808 1635 4893 subtus
1663 4803 1851 4913 albidus,
1892 4801 1945 4890 in
