4410 5910
247 423 311 531 9⁶
755 548 759 555 ¹
1014 426 1163 482 ἒ

253 670 413 736 arctoas
440 640 648 758 regiones.
718 634 898 754 Capitur
925 654 1099 751 propter
1123 633 1257 751 pelles
1285 627 1654 747 elegantissimas,
1675 662 1805 751 quae,
1843 631 1951 723 licet

252 826 442 898 tenerae,
481 794 529 882 in
556 790 760 913 pelliceas
788 811 926 877 vestes
953 809 1152 875 consutae
1192 786 1269 875 diu
1306 788 1459 872 durant
1484 808 1531 873 et
1557 808 1655 873 snut
1679 785 1952 901 candidiores

252 950 477 1041 Ermineis.
547 944 687 1061 Magis
727 940 970 1049 saniliaris,
1012 971 1139 1058 quarn
1180 939 1447 1047 Ermineum,
1490 941 1564 1049 ad¹
1591 941 1740 1029 domos
1766 940 1954 1029 libenter

253 1103 440 1208 accedit,
482 1102 612 1218 inque
641 1096 836 1184 domibus
864 1117 909 1182 et
935 1092 1205 1211 promtuariis
1232 1091 1492 1212 hospitatur,
1538 1123 1692 1210 magno
1726 1091 1955 1183 bominum

252 1260 563 1359 emolumentO,
594 1252 694 1369 quia
722 1278 860 1337 mures
888 1246 1091 1334 radicitus
1120 1245 1320 1353 destruit,
1366 1245 1454 1333 imo
1483 1253 1634 1333 Rattos
1674 1244 1721 1332 in
1762 1246 1957 1335 latibulis

254 1411 340 1499 suis
382 1405 582 1494 debellat.
652 1407 701 1486 ln
743 1432 873 1508 cavea
914 1399 1072 1487 nutrita
1108 1397 1277 1487 homini
1310 1397 1400 1486 cito
1428 1397 1658 1505 adsuescit,
1701 1428 1782 1487 nec
1810 1422 1957 1489 tamen

255 1565 498 1653 mordacem
524 1578 718 1643 naturam
745 1550 886 1659 exuit,
928 1576 974 1640 et
1013 1552 1261 1672 praesertim
1301 1551 1498 1640 famelica
1526 1584 1730 1671 perquam
1765 1551 1958 1643 irascibi-

255 1717 311 1805 lis
338 1739 384 1803 et
408 1709 599 1829 inquieta
627 1730 819 1821 vagatum
863 1728 1046 1793 saturata
1074 1706 1247 1794 dormit.
1304 1713 1378 1792 Est
1407 1729 1548 1795 autem
1576 1705 1869 1816 voracissima,
1912 1730 1960 1796 ut

257 1868 525 1977 Ermineum,
569 1885 614 1951 et
650 1859 776 1947 facile
805 1889 882 1976 per
910 1859 1026 1947 diem
1039 1865 1220 1985 ‚pondus
1248 1858 1388 1978 seipso
1431 1868 1564 1975 majus
1605 1863 1794 1967 dvorsa
1864 1867 1958 1951 Into

255 2056 337 2112 nec
365 2014 772 2132 consanguineorum
800 2011 1068 2118 animalium,
1099 2019 1257 2100 nedum
1287 2012 1468 2118 Putorii,
1511 2044 1657 2109 carnes
1683 2015 1865 2134 respuit,
1894 2014 1961 2103 uti

256 2209 339 2265 nec
360 2168 627 2272 Ermineum,
650 2168 765 2282 quod
785 2164 908 2250 tamis
937 2188 1061 2282 atque
1091 2166 1183 2252 sitis
1211 2189 1276 2253 est
1302 2165 1482 2282 patiens.
1539 2172 1615 2253 Est
1641 2192 1804 2269 autem,
1832 2198 1961 2286 quant

259 2328 366 2433 hoc,
396 2321 530 2437 magis
557 2316 774 2406 siticulosa
800 2342 845 2404 et
873 2320 1021 2406 crebro
1050 2342 1170 2437 potat
1197 2318 1446 2425 lambenda,
1485 2344 1531 2406 ut
1559 2322 1677 2407 feles.
1747 2320 1859 2431 Cum
1886 2319 1962 2408 bu·

261 2478 438 2570 melecit
463 2476 594 2593 pedes
621 2473 691 2558 vel
720 2472 874 2576 vellus,
905 2473 1153 2576 lambendo,
1184 2494 1228 2557 et
1256 2472 1302 2557 in
1330 2472 1434 2558 nido
1463 2504 1507 2559 se
1536 2473 1768 2560 volutando
1796 2499 1962 2594 purgat.

265 2630 507 2725 Convolma
532 2623 674 2715 cubat.
730 2624 881 2729 Sedet,
917 2624 1166 2742 praesertim
1193 2627 1441 2730 comedens,
1484 2646 1704 2713 contracto
1743 2625 1791 2713 in
1821 2658 1962 2716 arcum

263 2812 501 2897 trtmco.-
528 2788 693 2869 Morsus
720 2787 810 2893 ejus
839 2776 1100 2883 dolorificus,
1142 2810 1229 2865 non
1255 2801 1398 2865 tamen
1405 2834 1419 2879 ,
1461 2801 1508 2897 ut
1536 2776 1806 2895 perhibetur,
1844 2782 1963 2891 ¹,noci-

265 2972 358 3029 vus.
426 2941 631 3023 Attamen
671 2904 943 3047 virulentiam
981 2933 1151 3019 subesse
1191 2930 1358 3018 indicat
1397 2930 1537 3018 subita
1580 2963 1691 3019 mora
1729 2932 1964 3020 muriuma

268 3124 410 3217 morsu
436 3087 538 3177 levi.
593 3084 824 3174 Nidulatur
850 3106 895 3169 et
920 3083 1033 3200 parit
1059 3080 1192 3169 instar
1219 3082 1423 3168 Erminei.
1483 3091 1532 3170 In
1546 3115 1598 3171 eo
1626 3115 1795 3202 quoque
1823 3086 1963 3174 simile

270 3269 355 3351 est,
387 3211 513 3361 ¹quod
550 3237 750 3354 hyemale
791 3238 928 3323 vellus
968 3237 1095 3353 plane
1136 3235 1365 3323 candidum
1400 3235 1568 3341 induat,
1612 3238 1966 3327 undenariorum

271 3401 384 3518 apud
412 3401 569 3483 Suecos
604 3388 982 3489 hallucinationes,
1023 3386 1268 3505 hyemalem
1308 3386 1459 3474 habitu
1498 3419 1576 3506 pro
1618 3389 1784 3477 diversa
1824 3391 1968 3508 specie

273 3547 620 3642 describentium.
683 3546 811 3628 Altae
838 3541 885 3627 in
914 3538 1072 3627 Sibiria
1099 3572 1124 3626 a
1151 3541 1409 3628 Novembris
1436 3540 1566 3629 initio
1593 3539 1789 3658 hyberno
1815 3540 1968 3633 babitu

273 3706 482 3791 Mustelae
509 3700 558 3785 in
585 3695 728 3784 calido
755 3693 1017 3810 hypocausto
1044 3701 1129 3808 jam
1155 3693 1317 3779 ultimis
1346 3692 1494 3780 diebus
1523 3694 1773 3781 Decembris
1800 3725 1969 3814 gryseo-

277 3858 440 3942 fuscum
469 3853 675 3937 aestivum
701 3849 837 3964 pilum
864 3847 1120 3949 induebant,
1164 3848 1375 3931 defluente
1403 3844 1449 3930 in
1478 3848 1603 3932 dorso
1631 3847 1787 3934 sensim
1811 3846 1970 3969 hyber-

278 4039 349 4097 no.
407 4013 456 4091 In
485 4000 646 4117 campis
674 4022 816 4085 autem
841 3997 1001 4084 tardius
1029 3996 1113 4085 hoc
1142 4000 1201 4085 fit.
1257 4000 1508 4113 Hyemalem
1535 4002 1762 4088 candorem
1789 4000 1974 4093 induunt

281 4190 421 4245 versus
449 4153 669 4270 hyemem3
711 4150 758 4237 in
797 4153 1047 4240 australibus
1081 4150 1213 4239 etiam
1242 4149 1420 4239 Caucasi
1449 4150 1635 4270 (quippe
1663 4155 1837 4272 alpestri
1860 4158 1973 4271 situ)

281 4317 369 4400 cet.
397 4306 774 4395 Gezdenstaedt
813 4329 996 4391 exeunte
1036 4312 1122 4420 jam
1163 4302 1345 4391 Octobri
1386 4304 1626 4391 observavit
1667 4310 1828 4414 albam,
1871 4310 1975 4428 pilis

282 4464 387 4554 raris
413 4460 732 4548 rufescentibus.
802 4464 853 4543 In
894 4457 1050 4543 Sibiria
1076 4486 1201 4571 saepe
1231 4456 1449 4542 albescunt
1483 4464 1567 4572 jam
1597 4458 1859 4576 Septembri,
1897 4464 1992 4549 fre:

282 4614 480 4739 quentius
505 4642 648 4699 versus
660 4609 957 4699 Novembrim.
1007 4609 1276 4694 Itineratores
1304 4631 1467 4714 tamen,
1498 4609 1646 4726 quiin
1674 4611 1817 4699 Persia
1844 4616 1975 4723 fuere,

284 4774 349 4860 ibi
374 4801 461 4857 non
488 4769 702 4854 albescere
730 4763 1027 4881 prodidemnt,
1058 4763 1248 4878 quamvis
1275 4761 1323 4849 id
1350 4762 1413 4849 ibi
1442 4765 1608 4850 accidat
1628 4765 1841 4855 Ermieeo.
1890 4772 1987 4855 Ne·

286 4957 369 5048 que
395 4925 444 5014 in
470 4919 735 5009 Chersoneso
762 4918 923 5008 taurica
951 4915 1097 5034 tepida
1138 4912 1304 5032 hyeme·
1323 4919 1551 5004 Mustelam
1572 4884 1720 5006 'albam
1750 4918 1878 5010 fuisse
1903 4920 2019 5009 ob*
