4410 5910
1037 405 1184 460 a
1733 409 1950 497 '17

252 604 441 690 maxime
470 601 515 687 in
542 583 703 689 vertice
729 625 774 688 et
800 600 912 688 circa
947 604 1110 704 oculos3
1147 605 1312 690 macula
1346 601 1553 718 insignior
1592 605 1712 721 nigra
1743 638 1871 725 supra
1904 636 1951 701 et

249 757 299 839 in
328 784 424 839 area
450 753 715 869 superciliari
743 755 898 842 albida.
956 759 1115 871 Corpus
1146 785 1268 872 supra
1281 755 1446 842 intense
1464 758 1640 863 fulvum,
1665 758 1794 874 virgis
1815 785 1946 858 trans,-

252 909 381 992 versis
409 908 458 991 in
486 909 609 992 dorso
634 906 875 1023 duplicatis,
912 938 1035 1023 supra
1070 910 1234 994 lumbos
1270 909 1557 995 concatenatis
1596 934 1640 996 et
1672 943 1749 1026 per
1782 914 1943 1009 femora

249 1059 625 1173 convergentibus3
653 1058 797 1144 subtus
826 1056 982 1162 album,
1011 1060 1151 1144 fasciis
1179 1059 1402 1145 latioribus
1427 1059 1573 1174 nigris.
1631 1067 1784 1177 Virgae
1821 1067 1941 1158 obso-

251 1211 425 1296 letiores
479 1241 557 1326 per
583 1240 719 1294 armos
747 1208 959 1327 obliquae,
989 1233 1032 1295 et
1059 1211 1266 1325 insignior
1290 1211 1501 1325 utrinque,
1531 1213 1759 1328 duplicata,
1788 1213 1940 1311 incol-

248 1368 338 1448 lum
368 1384 413 1446 et
441 1391 577 1447 armos
603 1385 865 1449 transversa.
906 1365 1035 1448 Pedes
1062 1365 1278 1478 caudaque
1305 1385 1539 1450 transverse
1567 1365 1696 1469 varia,
1728 1365 1868 1478 strigis
1893 1364 1940 1453 in

251 1518 410 1628 cauriae
437 1515 564 1600 initio
590 1543 668 1628 per
695 1510 812 1628 paria
838 1513 1158 1631 approximatis.

731 1851 794 1940 e.
884 1829 1119 1920 FELIS
1171 1829 1447 1920 Pardus.

391 2077 438 2156 F.
469 2074 601 2156 cauda
628 2072 836 2185 elongata,
866 2099 1041 2185 corpore
1071 2069 1236 2172 albida,
1264 2069 1439 2157 maculis
1477 2067 1744 2154 annularibus
1781 2063 1938 2156 inordi-

252 2219 375 2328 natis,
405 2253 500 2308 area
535 2221 760 2340 punctatis.
865 2337 868 2344 Ι

472 2435 612 2537 Once,
657 2433 833 2545 Buffon:
859 2435 999 2518 histor.
1033 2432 1109 2514 IX.
1146 2461 1187 2546 p.
1231 2443 1319 2518 151.
1354 2432 1420 2518 ed.
1456 2437 1553 2515 min.
1588 2431 1744 2516 XVIII.
1773 2463 1818 2544 p.
1845 2438 1939 2542 275.

526 2585 612 2670 tab.
648 2598 710 2670 13.
738 2586 933 2669 Pennont.
961 2612 1054 2694 syn.
1084 2615 1125 2698 p.
1160 2596 1247 2692 175.
1277 2613 1316 2665 n.
1352 2597 1440 2667 126.

457 2731 605 2905 unia,
633 2790 840 2877 Schreber.
867 2821 992 2874 mom.
1020 2793 1097 2875 III.
1125 2822 1166 2908 p.
1196 2802 1290 2876 386.
1321 2790 1407 2876 tab.
1442 2822 1530 2875 roo.

474 3005 595 3107 Irbis‚
622 3004 787 3087 Miller.
815 3000 944 3100 Sami.
970 3001 1048 3084 III.
1075 3030 1117 3114 p.
1145 3012 1242 3111 607.

392 3213 564 3300 Rossice
593 3215 714 3298 Burs.
966 3218 970 3226 ’
1097 3204 1305 3321 Tungusis
1331 3207 1480 3293 Kdnils.

392 3365 556 3450 'saturis
584 3364 812 3478 Asgansclr.
1099 3356 1303 3470 Tangutis
1331 3361 1507 3468 S'togg.

392 3516 548 3602 Iacntis
582 3517 781 3602 cantat.
1104 3508 1348 3594 Sinensibus
1376 3509 1438 3590 Pu
1451 3556 1466 3569 ·
1481 3513 1540 3622 pi.

393 3665 596 3753 Bocharis
624 3690 669 3753 et
696 3659 909 3778 Mongolis
936 3657 1056 3744 Irbis.
1096 3658 1399 3776 Japonensibus
1430 3659 1554 3742 Tdro.

395 3882 461 3962 Ex
488 3876 592 3981 Asis
622 3873 763 3963 media
788 3869 946 3989 passim
974 3897 1051 3985 per
1077 3854 1325 3953 solitudines
1354 3862 1594 3980 subalpinae
1630 3860 1854 3975 sylvestres
1882 3855 1945 3939 Si·

235 4087 241 4103 .
272 4023 394 4112 tiriae
421 4027 676 4114 australioris
703 4047 913 4141 evagatur,
943 4042 986 4105 et
1017 4021 1070 4104 ad
1096 4019 1283 4106 Altaicas
1313 4020 1427 4133 alpes
1456 3984 1599 4120 rariui,
1627 4013 1740 4099 circa
1753 4006 1959 4101 Jeniseae·

277 4202 362 4261 sero
388 4203 431 4263 et
456 4176 717 4265 Kemtschuk
745 4179 787 4262 fl.
831 4172 1014 4287 origines
1041 4195 1086 4257 et
1115 4173 1168 4255 ad
1195 4169 1409 4255 Baicalem
1439 4163 1659 4281 inalpinis
1686 4156 1946 4276 saepiuscule

285 4350 445 4438 apparet
502 4337 552 4416 In
579 4329 750 4444 regione
777 4323 870 4412 Uth
883 4323 1029 4429 duvii,
1058 4323 1251 4437 interque
1280 4351 1377 4407 eum
1405 4343 1449 4406 et
1477 4323 1611 4402 Amur
1633 4317 1674 4400 fl.
1697 4310 1854 4398 dicitur
1867 4308 1946 4389 fre·

420 4622 520 4688 rubei
544 4620 693 4689 radioli2
718 4623 756 4686 in
781 4617 865 4710 pilis
892 4617 1098 4703 dittinctos,
1125 4621 1188 4707 qni
1213 4620 1250 4684 ln
1275 4611 1446 4683 vehiculo
1472 4604 1697 4703 ducebantur
1722 4597 1795 4663 duo
1821 4590 1943 4679 simul,

422 4749 592 4828 sequente
616 4750 816 4830 utrumque
836 4739 1007 4810 amiculo
1020 4760 1165 4832 parvo.
1203 4734 1500 4834 ,nevenapantpr
1515 4745 1640 4817 apros,
1653 4737 1773 4808 ursos,
1799 4732 1944 4802 cervos,

422 4878 580 4954 onagros,
605 4865 719 4935 boves
744 4859 956 4953 sylvestres.

1575 4992 1601 5070 3
