4410 5910
255 414 350 519 ⁰5⁰
1020 406 1177 493 ,εξ-

253 615 448 726 Antilope
481 604 756 696 derivationis
792 606 1013 710 obscurae,
1055 605 1194 690 forsan
1228 634 1254 690 e
1293 601 1466 722 coptico
1507 606 1785 817 Penthalopr,
1824 612 1940 727 qnod

253 764 502 853 unicornem
530 759 757 874 significat,
785 780 877 843 orta
906 764 980 868 (*.)
1092 790 1095 795 ·

548 950 694 1033 139.-
750 941 794 1029 A
821 938 862 1026 N
886 936 934 1026 T
961 941 979 1026 l
1005 938 1041 1026 L
1067 936 1112 1025 Ο
1138 935 1176 1025 P
1202 938 1243 1028 Ε
1314 938 1647 1066 Rupicopru.

365 1092 419 1172 A.
448 1083 645 1171 cornibus
664 1079 866 1167 subulatis
887 1080 1059 1178 erectis,
1087 1079 1208 1195 apice
1230 1102 1454 1166 retrorsum
1475 1080 1708 1186 uncinatis,
1736 1078 1945 1169 laevitas.

474 1233 734 1349 Rupicapra,
763 1235 928 1318 Gestari
955 1232 1120 1348 (quadr.
1148 1264 1189 1347 p.
1220 1265 1313 1340 290.
1350 1239 1453 1318 loon
1481 1231 1598 1321 rudia
1623 1234 1700 1320 aad
1717 1232 1944 1341 accurata)

531 1408 576 1471 st
602 1383 793 1475 omniurn
822 1405 1050 1467 auctorum.

476 1544 535 1622 Le
563 1534 766 1623 Chamois
794 1537 917 1617 Mem.
947 1536 1078 1618 Paris.
1107 1536 1184 1616 ΠΙ.
1213 1555 1321 1651 port.
1351 1568 1389 1621 s.
1426 1568 1468 1651 p.
1499 1550 1592 1625 aad.
1625 1530 1712 1623 td».
1743 1568 1813 1647 ²9·
1840 1536 1943 1645 Buf-

519 1694 612 1801 fon.
641 1687 786 1803 quadr.
816 1686 912 1768 XII.
942 1717 983 1801 p.
1020 1718 1109 1793 ¹77·
1139 1686 1223 1770 tab.
1260 1700 1321 1772 16.
1354 1670 1359 1679 ¹

473 1842 609 1957 Capra
637 1836 896 1952 Rupicapra,
928 1840 1016 1918 Lin.
1044 1858 1149 1947 syst.
1178 1834 1272 1920 XII.
1301 1823 1339 1920 I.
1364 1870 1404 1953 p.
1435 1816 1502 1945 95.
1530 1872 1593 1957 sp.
1622 1858 1666 1945 4.
1734 1824 1739 1833 ’

472 1990 681 2105 Antilope
707 1986 969 2102 Rupicapra,
1007 1989 1116 2071 Pau.
1157 1990 1300 2103 Spicil.
1327 1992 1403 2074 XI.
1446 2023 1487 2106 p.
1514 2002 1584 2097 4ο.
1611 2010 1652 2077 tt
1677 1991 1777 2075 XII.
1805 2022 1851 2107 p.
1886 2024 1944 2077 ιι.

527 2144 723 2226 Pennunt.
754 2140 1085 2279 bist.qundr.1.
1116 2172 1156 2254 p.
1187 2154 1254 2244 64.
1291 2143 1736 2227 Schrebmammot

360 2292 566 2383 Polonice
592 2297 707 2379 Kosa
733 2296 893 2378 thalna.
967 2290 1133 2374 Tataris
1168 2295 1268 2378 But.
1337 2291 1536 2407 Kirgiso·
1521 2292 1713 2377 ·Tataris
1739 2292 1944 2431 Kir'ldjue?

412 2443 689 2531 Turcomanis
730 2446 784 2527 ad
827 2442 985 2554 Cyrum
1024 2445 1239 2554 Artschy,
1296 2447 1411 2559 quod
1460 2467 1505 2530 et
1544 2442 1681 2530 Persis
1728 2443 1945 2531 usitatum.

276 2654 284 2673 ι
390 2595 626 2684 Ossetinis
664 2592 841 2682 Caucasi
882 2593 1020 2688 Zeta·
1057 2591 1411 2681 Tachetachenzis
1436 2599 1612 2710 Mnsyr·
1649 2592 1943 2773 Tscberkessis

274 2772 280 2807 ²
416 2751 632 2865 Schoquo5
660 2744 841 2860 Dugoris
868 2746 981 2830 stae.

278 2908 286 2963 -’
388 2905 440 2985 In
466 2898 699 3017 praeruptis
728 2894 905 2983 Caucasi
932 2896 1144 2981 montibus
1170 2926 1254 2981 non
1282 2897 1543 3016 infrequens,
1581 2922 1630 2987 ut
1657 2923 1703 2985 et
1727 2897 1778 2985 in
1805 2900 1942 2985 ceusu

252 3051 326 3138 nio
354 3056 455 3166 jugo
479 3073 524 3134 st
551 3048 646 3134 aliis
676 3052 785 3133 forte
812 3043 1224 3132 meridionalioribus
1250 3050 1391 3137 Asiae.
1448 3051 1572 3140 Sed
1560 3082 1606 3137 ιιι
1620 3048 1786 3139 Sibiria
1812 3051 1937 3168 eique

250 3198 514 3317 liminuphis
540 3197 757 3285 montibus
780 3195 947 3314 piane
934 3219 1128 3310 ignotum
1156 3198 1330 3284 animal.

276 3338 280 3343 ¹
395 3355 574 3438 Descr.
642 3354 913 3436 Caucasicoe:
959 3350 1092 3433 In'des
1129 3350 1276 3435 fusco·
1288 3354 1443 3439 fulvae.
1512 3358 1651 3471 Caput
1689 3354 1942 3439 flavescente

249 3506 412 3610 rufum,
438 3502 641 3605 dilutum,
672 3504 757 3586 lata
774 3504 918 3612 foscio
945 3500 1143 3615 utrinque
1171 3502 1286 3587 fusca
1315 3506 1368 3589 ad
1398 3535 1516 3591 aures
1537 3507 1765 3623 products,
1792 3504 1843 3591 in
1863 3520 1941 3621 qus

250 3656 379 3742 oculi.
436 3656 607 3740 Macula
641 3653 824 3765 oblonga
861 3654 977 3735 fusca
1003 3649 1049 3735 in
1076 3654 1213 3738 fronte
1243 3657 1297 3739 ad
1324 3684 1528 3741 cornuum
1570 3655 1707 3742 basin.
1779 3658 1940 3743 conas

251 3801 534 3906 erectissima,
564 3803 780 3916 parallela.
837 3805 957 3887 Sinus
984 3813 1142 3891 marcet
1169 3806 1400 3920 singulares
1428 3838 1540 3924 pone
1568 3837 1746 3908 cornua,
1790 3802 1941 3893 incerti

249 3986 360 4043 usus.
417 3957 576 4068 Corpus
616 3984 736 4069 supra
777 3953 1095 4058 fusco-rufum,
1141 3966 1274 4070 striga
1313 3958 1428 4043 fusca
1463 3963 1516 4044 ab
1553 3956 1741 4074 occipite
1771 3959 1827 4042 sd
1854 3986 1941 4043 can·

251 4111 370 4206 dam3
398 4127 564 4221 pectus,
595 4104 726 4188 latera
755 4126 798 4189 et
826 4107 956 4220 pedes
983 4103 1159 4191 interius
1186 4108 1324 4208 fusca3
1355 4112 1564 4196 abdomen
1593 4132 1638 4193 et
1666 4130 1787 4194 nates
1807 4109 1940 4194 dilate

248 4260 482 4359 rufescunt,
526 4257 599 4340 sed
628 4286 901 4341 mammarum
929 4278 974 4340 et
1002 4256 1072 4343 sni
1100 4256 1220 4374 regio
1249 4260 1404 4345 albida.
1476 4262 1625 4348 Caudn
1659 4258 1793 4376 nigra.
1864 4260 1938 4343 Pu

248 4406 296 4493 in
323 4430 473 4492 trunco
499 4405 790 4522 bipollicares,
819 4409 893 4492 sed
921 4406 1084 4508 stricti,
1122 4408 1309 4525 capreoli
1335 4410 1436 4529 pilis
1465 4378 1704 4498 subsimiles
1772 4414 1936 4523 Laruas

249 4590 369 4646 cana.
428 4559 619 4672 [Iugulae
649 4558 824 4675 longae,
851 4562 993 4646 subtus
1021 4588 1171 4669 cavae,
1208 4532 1398 4681 maraine
1428 4587 1572 4669 acut03
1612 4573 1780 4681 spurios
1804 4554 1934 4651 subbi-

272 4862 355 4957 ·(')
381 4869 463 4943 Vid.
490 4866 667 4944 Bocbm
691 4867 880 4950 Humanis.
904 4873 959 4946 tu.
988 4867 1062 4945 m.
1101 4864 1174 4967 cip.
1203 4890 1263 4944 22.
1403 4904 1410 4913 ·
