4410 5910
1028 337 1178 421 ’ω
1413 330 1416 335 ’
1857 371 1948 456 ²09

261 571 360 656 Nec
388 565 528 653 mium
556 559 695 652 adbuc
723 548 890 654 adtenti
912 568 966 653 ad
993 564 1078 656 boc
1106 564 1319 681 Samojedi
1352 591 1398 655 et
1425 593 1570 687 gentes
1609 569 1799 686 reliquae
1838 595 1949 684 quac

256 723 481 809 Tasaodos
519 741 696 835 pascunt
735 717 839 804 licet
865 721 1006 805 nullae
1041 722 1198 807 lactare
1225 720 1467 810 didicerint.
1495 774 1549 794 -
1591 719 1777 809 Tarandi
1804 719 1852 806 in
1879 749 1948 836 ge-

257 903 363 963 nere
391 869 632 990 Septembri
658 870 870 987 pruriunt,
912 871 1082 989 pariunt
1108 905 1227 978 vere,
1269 874 1456 961 seniores
1496 875 1660 994 saepius
1699 872 1845 979 binos,
1887 878 1950 987 ju*

254 1024 404 1119 ‚micres
428 1023 604 1112 unicum
631 1022 890 1146 hinnulum·
914 1028 990 1111 sed
1016 1027 1241 1140 quotannis
1268 1053 1389 1117 utero
1417 1052 1586 1143 gerunt,
1616 1049 1661 1114 et
1687 1024 1857 1114 hinnuli
1883 1053 1948 1111 se·

258 1179 404 1271 cundo
431 1175 580 1264 aetatis
608 1207 719 1265 anno
744 1184 829 1293 jam
857 1178 946 1295 apti
974 1177 1256 1295 generationi,
1298 1183 1410 1268 unde
1445 1181 1553 1270 haec
1586 1179 1749 1297 species
1777 1176 1946 1265 celerri·
2048 1249 2049 1253 a

252 1359 330 1418 me
357 1327 627 1444 multiplicat.
695 1327 742 1416 si
770 1331 979 1418 foeminae
1018 1353 1114 1446 post
1158 1362 1423 1447 congressum
1463 1334 1710 1450 sanguinem
1751 1333 1946 1436 fimdunt,

255 1481 427 1598 signum
450 1504 536 1588 est,
564 1512 651 1570 non
677 1485 935 1602 concepisse.
992 1491 1108 1569 Inter
1134 1483 1334 1574 hinnulos
1362 1484 1685 1575 celebratissimi
1712 1507 1828 1588 sunt,
1871 1479 1946 1599 qui

257 1637 374 1753 apud
399 1637 609 1725 Coraecos
630 1656 675 1720 et
696 1634 1012 1722 Tschuktschos
1039 1659 1204 1723 tantum
1224 1638 1470 1755 gignuntur,
1502 1639 1611 1743 albi,
1638 1634 1778 1753 parvis
1800 1661 1948 1722 mactis

255 1789 314 1877 lis
342 1787 471 1902 nigris
500 1767 731 1902 variegati,
767 1816 791 1871 e
819 1818 998 1902 quorum
1023 1790 1180 1874 teneris
1207 1790 1391 1906 pellibus
1419 1796 1525 1879 fiunt
1551 1787 1743 1878 lacernae
1778 1788 1946 1902 elegans

254 1936 446 2028 tissimae
475 1960 520 2024 et
547 1968 646 2025 caro
673 1941 924 2026 venduntur.
994 1941 1215 2027 Rarissimi
1256 1943 1413 2030 deinde
1444 1943 1529 2059 ·qui
1569 1963 1792 2028 nascuntur
1819 1936 1947 2054 nigti5
2062 1975 2065 1983 ·

226 2080 334 2182 'sed
362 2093 504 2177 adulta
532 2112 668 2175 aetate
695 2091 802 2177 lusci
830 2099 1037 2199 evadunt,
1080 2119 1126 2180 et
1166 2094 1346 2209 strigosi.
1374 2146 1432 2162 -
1472 2103 1611 2181 Mares
1647 2091 1728 2178 feri
1754 2107 1949 2206 tempore

253 2242 390 2333 osani
417 2243 478 2326 ita
505 2271 634 2327 coeca
660 2242 845 2330 libidine
872 2246 1120 2350 incitantur,
1150 2271 1310 2332 utnon
1338 2248 1475 2332 solum
1502 2243 1829 2333 domesticarum
1855 2270 1944 2358 gre·

252 2376 380 2510 gibus
409 2422 452 2477 se
480 2393 767 2496 immisceant,
807 2418 977 2482 etcum
1002 2397 1216 2484 instructis
1246 2396 1411 2484 adhoc
1440 2397 1705 2497 domesticis,
1745 2395 1946 2511 laqueum

254 2530 305 2634 in
332 2544 529 2632 comibus
554 2548 817 2661 gerentibus,
858 2550 1104 2663 pugnaturi,
1147 2551 1295 2635 crebro
1328 2548 1542 2666 implicati
1569 2554 1810 2665 capiantur3
1851 2542 1945 2663 qui·

254 2698 378 2786 nimo
416 2697 463 2783 in
504 2722 750 2786 venatorem
794 2698 902 2786 albis
939 2701 1122 2816 pellibus
1160 2702 1358 2787 indutum
1386 2732 1514 2788 coeca
1553 2699 1671 2787 rabie
1711 2699 1944 2804 incurrunt,

252 2851 445 2938 alienum
471 2854 714 2937 Tarandum
739 2873 993 2967 reputantes.
1021 2905 1078 2919 -
1118 2853 1296 2940 Coraeci
1335 2857 1551 2941 Tarandos
1591 2853 1773 2968 jugales,
1815 2848 1900 2968 qui
1917 2877 1946 2937 s

249 3001 433 3106 teneris,
475 3003 661 3119 adligato
702 3008 757 3092 ad
796 3006 908 3091 colla
943 3003 1061 3118 ligno
1090 3009 1142 3091 ad
1170 3003 1311 3091 trahas
1340 3008 1590 3109 adsuefiunt,
1634 3005 1791 3089 docent
1818 3024 1862 3088 at
1887 3003 1944 3088 ad

251 3174 394 3240 certas
423 3184 548 3240 voces
577 3134 610 3240 e*
628 3179 722 3242 tota
749 3186 874 3273 grege
897 3164 1050 3273 'sponte
1077 3159 1300 3243 discedant
1341 3180 1386 3242 et
1425 3156 1471 3242 in
1511 3186 1641 3240 unum
1682 3168 1854 3251 coeant,
1896 3172 1944 3236 ut

249 3332 335 3423 pro
360 3326 439 3389 usn
466 3305 591 3420 seligi
607 3320 788 3422 'queant-
857 3309 1028 3396 callent
1056 3332 1197 3392 autem
1236 3309 1434 3412 selectos,
1476 3315 1666 3424 projecto
1708 3305 1762 3388 ad
1801 3303 1942 3420 plures

250 3486 406 3572 orgyas
433 3458 551 3542 lorco
579 3456 772 3561 tinctilO,
802 3484 967 3574 sapere.
1022 3466 1124 3550 Non
1146 3489 1246 3543 vero
1268 3481 1502 3558 nostrates,
1520 3479 1687 3574 praeter
1708 3464 1946 3572 Lappones',

251 3608 448 3725 mulgent
475 3607 700 3695 foeminas:
741 3609 808 3695 lac
848 3609 953 3696 licet
988 3611 1165 3696 subinde
1193 3609 1443 3725 inspiciant,
1483 3631 1531 3693 ut
1570 3638 1626 3694 ex
1666 3605 1945 3692 consistentia

249 3764 345 3875 ejus
363 3757 563 3873 -judicant
589 3757 725 3875 qualis
753 3763 913 3847 intutus
941 3761 998 3847 sit
1024 3760 1246 3866 hinnulus,
1276 3784 1320 3846 et
1347 3780 1451 3876 quos
1480 3758 1616 3845 miuus
1632 3759 1823 3845 robustos
1851 3753 1949 3844 lore

249 3911 433 3998 eredunt
460 3915 706 3998 mactandos
734 3916 951 4003 denotante
1016 3920 1129 4000 Raro
1156 3938 1297 4006 tamen
1323 3930 1563 3998 mansuetos
1592 3876 1808 4015 madtant,
1840 3912 1949 3994 dura

250 4084 485 4178 suppetunt
510 4061 753 4179 spontanei,
794 4065 947 4180 quibus
986 4064 1169 4182 Juca'giri
1213 4065 1346 4151 nostri
1385 4063 1485 4149 s'olis
1527 4063 1689 4149 vivunt.
1762 4056 1948 4174 Quandtr'¹

248 4211 446 4301 samium
475 4202 631 4330 hyeme
659 4240 725 4305 est
752 4216 1029 4322 abundantia,
1074 4248 1180 4332 aqua
1220 4216 1373 4303 tinctas
1415 4218 1590 4333 glaciari
1617 4217 1782 4316 sinunt,
1825 4234 1869 4298 et
1897 4210 1950 4299 itt¹

249 4363 377 4452 fossis
401 4365 600 4455 conditas
626 4398 704 4483 pro
732 4401 865 4458 verno
891 4393 1130 4456 commeatu
1170 4393 1360 4474 servant,
1402 4400 1486 4486 quo
1528 4390 1719 4482 ternpore
1760 4363 1947 4450 Tarandi'

250 4517 480 4614 macilenti·
503 4540 623 4619 sunt,
664 4520 739 4636 qui
783 4536 990 4609 autumno
1010 4546 1176 4638 tergora
1202 4520 1461 4638 pinguedine
1502 4519 1729 4604 incrustata
1770 4514 1943 4601 habent.

253 4669 523 4765 Domesticos
566 4696 781 4797 mactant,
819 4673 1007 4760 immissa
1047 4700 1130 4791 per
1164 4672 1346 4759 incisum
1387 4664 1663 4795 diaphragma
1703 4683 1829 4753 manu
1870 4676 1952 4749 σοι’·

259 4814 544 4929 wlnmautes,
572 4846 622 4914 ut
647 4808 1004 4946 omni'potiantut
1023 4825 1247 4947 sanguine,
1277 4850 1404 4943 quam
1424 4852 1524 4911 cnm
1544 4818 1753 4907 radicibus
1775 4820 1951 4907 coctum

1507 5009 1560 5090 27
