4410 5910
260 422 348 510 332
1030 425 1174 478 ΕΞ

255 625 530 714 hirundinem
560 622 605 713 in
635 622 778 714 medio
810 624 968 713 vertice
996 648 1187 711 ornatam
1229 623 1354 710 crista
1391 624 1563 740 globosa
1611 655 1638 711 e
1680 624 1840 744 plumis
1880 663 1961 716 rna·

255 779 473 890 loribusin
494 778 701 864 vorticem
716 781 933 886 contortis,
962 780 1085 864 valde
1111 776 1438 890 prominentem,
1466 770 1664 868 Amisiae.
1679 786 1723 864 Ἰ.
1739 782 1962 894 'Hoclsfeld

570 941 697 1031 156.
789 940 835 1028 H
864 943 882 1029 Ι
911 941 1021 1030 RU
1049 939 1089 1026 N
1120 939 1164 1026 D
1193 939 1235 1026 0
1324 940 1649 1059 Lagopodn.

396 1087 448 1167 H.
479 1113 602 1197 supra
630 1081 884 1196 chalybeato
899 1105 1043 1180 -atra,
1071 1102 1214 1194 suptus
1241 1078 1393 1185 nivea,
1436 1083 1617 1197 pedibus
1645 1085 1813 1169 lanatis.

475 1233 670 1320 Hirundo
707 1235 907 1352 agrestis,
948 1236 1054 1320 Plin.
1090 1237 1183 1316 laist.
1227 1251 1312 1314 nat.
1354 1233 1428 1333 tib.
1457 1237 1513 1317 X.
1558 1267 1652 1350 cap.
1683 1250 1750 1322 33.
1794 1241 1957 1324 Gesner.

533 1418 599 1469 av.
629 1420 670 1498 p.
706 1401 800 1490 664.
829 1387 1002 1472 Aldrov.
1032 1414 1117 1469 orn.
1146 1383 1202 1464 ΙΙ.
1231 1413 1273 1496 p.
1298 1397 1392 1491 693.
1423 1384 1651 1498 thzaghb.
1681 1416 1769 1472 orn.
1802 1421 1845 1503 p.
1874 1406 1957 1477 155.

531 1540 625 1655 Raj.
654 1570 720 1623 av.
752 1570 792 1653 p.
822 1564 959 1648 71.n.
991 1568 1029 1617 a.
1058 1535 1200 1620 Albin.
1230 1536 1498 1621 av.11.rab.
1529 1549 1596 1624 56.
1617 1539 1673 1623 A.
1703 1541 1862 1625 Frisch.
1893 1573 1957 1626 av.

531 1710 628 1776 sect.
660 1705 699 1776 3.
728 1689 814 1774 tob.
851 1723 912 1798 ¹7·
933 1689 1020 1800 fig.
1051 1698 1098 1770 a!

478 1840 673 1926 Hirundo
702 1838 840 1925 minor
866 1873 900 1924 s.
929 1837 1110 1941 rustica,
1137 1840 1320 1923 Brisson.
1350 1866 1435 1924 om.
1464 1842 1520 1926 ll.
1551 1872 1593 1956 p.
1621 1853 1718 1949 496.
1754 1874 1819 1959 sp.
1850 1876 1889 1927 a.

476 1992 671 2077 Hirundo
699 1990 869 2094 urbica,
900 1992 1022 2104 (soli)
1050 1994 1141 2075 Lin.
1169 2010 1275 2101 syst.
1303 1992 1401 2073 XII.
1428 1992 1464 2073 Ι.
1493 2024 1535 2106 p.
1569 2007 1664 2098 344.
1698 2024 1763 2110 sp.
1795 2006 1836 2082 3.

478 2148 537 2225 Le
564 2141 676 2257 petit
704 2142 940 2240 Martinet,
968 2143 1200 2227 D’Anbent.
1228 2150 1327 2257 pict.
1356 2141 1442 2226 tob.
1472 2156 1566 2247 542.
1583 2146 1671 2258 fig.
1702 2178 1743 2229 a.

475 2291 663 2392 Martio,
691 2297 883 2377 Latiam.
912 2324 1006 2404 syn.
1035 2297 1107 2377 IV.
1147 2324 1188 2407 p.
1218 2306 1312 2394 664.
1345 2323 1384 2374 n.
1415 2307 1454 2378 3.
1542 2344 1546 2351 .

360 2444 512 2528 'Rossis
540 2448 812 2530 Lastotschlso
835 2445 904 2528 vel
927 2449 1202 2544 Lastowitza,
1233 2441 1279 2525 in
1297 2441 1663 2531 sibifiassrtshota
1721 2446 1955 2539 Esthonics

426 2596 578 2689 Turts3
606 2595 851 2681 Morduanis
883 2597 1025 2690 Penta·
1053 2591 1228 2706 Vogulis
1255 2593 1522 2678 eosvensibus'
1545 2596 1731 2710 Segeich.
1789 2608 1956 2717 Tungu

258 2798 266 2817 .
425 2743 482 2827 sis
508 2765 554 2829 et
580 2743 769 2829 Lamutis
804 2747 857 2829 W
856 2748 1006 2832 helilsa.
1078 2746 1330 2858 Caragasso·
1345 2745 1580 2855 Samojedis
1606 2751 1801 2836 chamon
1815 2805 1834 2822 ·
1851 2759 1955 2840 claui.

260 2903 268 2915 “
426 2893 764 2981 Camtschadalis
790 2900 1014 3010 Kainlting.
1077 2893 1277 2984 Coraecis
1303 2897 1587 3011 Kanellagelt.
1642 2901 1806 2989 curilis
1831 2909 1953 3024 Κεφ

425 3048 547 3132 lond.
604 3046 775 3163 Jsponis
802 3049 1031 3161 Zutognra.

397 3203 512 3284 Haec
541 3197 701 3316 pariter
728 3197 774 3282 in
802 3199 920 3283 omni
948 3195 1097 3283 Rossia
1133 3218 1177 3281 et
1205 3195 1387 3300 Sibiria,
1432 3196 1486 3282 sd
1514 3198 1864 3295 Camtscltstlmm
1891 3240 1953 3294 us

258 3370 343 3465 que
354 3410 369 3450 ,
395 3348 609 3468 inquilina
636 3371 725 3453 est,
753 3346 800 3433 in
830 3346 986 3433 Sibiria
1014 3347 1210 3433 orientali
1239 3340 1497 3435 nitidissima
1509 3408 1524 3448 ,
1551 3369 1600 3435 ut
1626 3380 1681 3438 ex
1709 3358 1860 3444 addite
1885 3363 1954 3447 de·

258 3499 492 3618 scriptione
521 3499 670 3586 videre
699 3520 776 3585 est.
846 3507 896 3586 In
923 3498 1141 3616 populosis
1176 3498 1419 3612 regionibus
1457 3501 1534 3584 sub
1562 3490 1953 3617 contigllationibm

258 3671 306 3734 et
334 3648 459 3736 tactis
488 3649 612 3736 nidos
641 3649 791 3750 struit,
816 3680 896 3767 pro
923 3649 1174 3736 incitatione
1202 3652 1337 3735 forma
1365 3647 1521 3754 varios,
1552 3673 1600 3736 ut
1625 3680 1858 3772 europaeo,
1886 3691 1953 3749 oo

258 3799 446 3919 llttnque
475 3801 615 3888 ubivis
643 3799 857 3919 hospitio,
885 3832 982 3887 eum
1009 3802 1316 3917 praecedente,
1353 3802 1480 3917 plebe
1507 3832 1648 3920 neque
1673 3806 1802 3895 nidos
1831 3811 1954 3899 meite

260 3953 530 4058 destruente,
573 3981 712 4067 neque
749 3981 847 4039 sves
876 3955 1063 4056 laesura,
1104 3982 1205 4069 quas
1233 3951 1430 4038 occidere
1457 3953 1643 4042 maxime
1671 3960 1791 4045 nefa·
1830 3968 1952 4048 Tam·

261 4101 334 4188 ris.
390 4103 728 4190 Ariadnaeis
757 4103 861 4219 ripis
889 4107 943 4190 ad
971 4102 1103 4207 irtio,
1143 4102 1220 4188 ubi
1259 4133 1336 4218 per
1375 4124 1629 4220 temperatos
1669 4138 1847 4227 campos
1886 4117 1953 4203 de

263 4250 383 4358 fluit,
411 4255 647 4370 praeruptis
674 4254 860 4340 maxime
888 4254 1021 4358 locis,
1049 4274 1230 4340 excavat
1248 4252 1547 4372 haac·species
1574 4278 1720 4364 anna,
1753 4285 1954 4351 externae

260 4399 449 4520 riparum
475 4405 630 4520 parieti
657 4406 888 4522 parallelo,
931 4407 1142 4521 oblonga,
1183 4403 1296 4493 nidis
1330 4407 1422 4493 luto
1449 4400 1819 4521 longitudinaliter
1846 4417 1953 4502 clau·

264 4553 322 4640 sis
350 4553 613 4661 subsimilis,
644 4557 794 4671 quibus
823 4556 994 4672 copiose
1023 4555 1129 4642 locis
1166 4559 1218 4640 ab
1246 4559 1338 4642 Hir.
1366 4567 1523 4674 ripario
1551 4555 1766 4647 distinctis
1792 4565 1859 4651 ibi
1884 4565 1951 4652 hs

262 4704 375 4792 bitot
387 4766 402 4806 ,
435 4726 556 4792 tanto
581 4706 736 4823 passim
763 4736 964 4812 numero,
1004 4729 1052 4793 ut
1078 4706 1156 4792 tali
1183 4707 1282 4794 loco
1309 4737 1502 4824 percussa
1528 4711 1641 4825 peda
1667 4709 1786 4828 ripa,
1831 4747 1949 4832 saepe

262 4878 469 4947 centenae
496 4880 652 4949 matres
678 4859 806 4947 simul
832 4859 1017 4948 evolent.
1088 4867 1139 4946 In
1166 4857 1377 4967 Dauusia,
1422 4858 1497 4947 ubi
1534 4859 1847 4977 pulcherrimas
1882 4869 1948 4953 de
