4410 5910
256 423 346 506 350
1020 412 1168 465 Β

247 624 438 745 piscibus
467 618 747 720 enutriuntur,
777 637 825 701 ut
853 612 987 700 adulti
1011 609 1257 700 rectricibus
1286 617 1339 701 ad
1365 614 1533 701 alaudas
1554 613 1728 732 sagittas
1751 619 1953 711 serviant.

254 777 412 880 Jacuti,
439 796 486 858 ut
514 768 590 855 alii
617 766 746 853 Asiae
775 768 976 882 gentiles,
1003 766 1289 884 principatum
1319 769 1484 884 aquilae
1510 768 1560 854 in
1587 799 1685 855 aves
1712 771 1948 858 celebrant.

255 923 669 1023 Camtschadalibus,
701 922 812 1036 apud
841 952 944 1035 quos
972 919 1156 1004 maxime
1187 924 1418 1018 abundant,
1446 923 1592 1007 edules
1620 944 1739 1023 sunt,
1769 945 1816 1008 et
1840 925 1952 1040 apud

253 1085 418 1166 Ouriloa
437 1076 483 1160 in
508 1072 677 1158 deliciis
698 1072 760 1156 ita
773 1071 999 1173 habentur,
1026 1095 1073 1157 ut
1091 1075 1256 1158 nullum
1277 1074 1477 1158 festivum
1498 1074 1671 1188 epulum
1693 1072 1787 1160 sine
1808 1074 1949 1189 aquila

256 1232 329 1334 sit,
360 1231 602 1341 multaeque
626 1227 735 1340 apud
756 1223 853 1308 illos
875 1223 921 1307 in
943 1225 1083 1341 caveis
1103 1226 1362 1339 saginantur,
1394 1247 1441 1309 ut
1457 1224 1578 1310 nobis
1601 1256 1791 1330 anseres,
1822 1230 1949 1312 etita

255 1414 380 1499 saepe
394 1381 554 1466 cicures
568 1379 771 1481 evadunt,
803 1400 867 1475 est
879 1378 1040 1462 solutae
1069 1376 1180 1462 circa
1193 1377 1360 1491 tuguria
1374 1378 1575 1476 volitent,
1604 1379 1748 1492 fugam
1769 1380 1948 1467 oblitae.

254 1533 532 1649 Tuguriolum
554 1558 741 1643 quoque,
772 1529 869 1612 loco
891 1527 1007 1632 avi0,
1037 1560 1092 1614 ex
1124 1530 1325 1615 arundine
1352 1551 1619 1636 construunt,
1648 1531 1721 1616 cui
1741 1563 1869 1648 supra
1890 1533 1951 1618 in·

252 1686 367 1772 sidet
380 1684 535 1798 Aquila
556 1681 762 1770 cicurata‚
792 1710 1168 1794 quaecongeneres
1183 1680 1337 1786 allicit,
1368 1714 1470 1798 quas
1491 1681 1616 1768 simul
1640 1714 1689 1769 ac
1710 1683 1947 1771 insederint

252 1860 370 1924 tecto
383 1857 546 1922 exserta
560 1863 687 1918 manu
699 1831 922 1918 insidiator
933 1863 1010 1949 per
1022 1835 1153 1949 pedes
1168 1831 1407 1948 prehendit.
1450 1835 1587 1919 Iidem
1601 1836 1761 1922 amicos
1775 1836 1947 1922 visitan-

252 2014 317 2075 tes
330 1989 564 2105 aquilarum
578 1985 656 2070 alis
667 1982 900 2100 pennisque
914 1987 1070 2069 donare
1084 1986 1232 2085 solent,
1241 1987 1540 2074 utAmericani
1554 1991 1771 2076 falconum
1787 1989 1944 2074 alis.-

253 2140 463 2227 Dicuntur
475 2138 557 2224 hae
571 2136 753 2252 Aquilae
767 2136 898 2221 etiam
913 2170 937 2221 a
950 2137 1145 2224 Cosaccis
1158 2138 1425 2224 Donensibus
1437 2141 1617 2245 comedi,
1647 2165 1754 2228 utet
1767 2176 1793 2226 a
1812 2143 1941 2228 Malo-

253 2323 462 2378 rossorum
483 2291 621 2375 minus
643 2288 824 2375 delicata
845 2313 891 2375 et
912 2287 1049 2373 minus
1070 2288 1266 2403 religiosa
1288 2290 1430 2405 plebe.
1486 2296 1692 2394 Arbores,
1721 2293 1769 2379 in
1797 2294 1941 2410 quibus

250 2445 350 2528 talis
365 2442 523 2559 Aquila
537 2440 758 2558 quotannis
775 2441 926 2528 nidum
948 2441 1125 2558 repetit,
1155 2443 1436 2527 excrementis
1454 2446 1666 2559 pullorum
1679 2471 1831 2532 exusta
1845 2475 1941 2531 ares·

255 2626 351 2681 cere
381 2598 523 2680 fertur.
581 2601 615 2677 E
643 2595 830 2680 maxime
857 2593 1098 2681 borealibus
1123 2617 1171 2676 et
1197 2591 1363 2707 frigidis
1382 2593 1564 2681 Sibiriae
1587 2596 1772 2712 hyeme,
1800 2601 1856 2685 ob
1876 2600 1939 2683 de·

255 2751 414 2832 fectum
441 2746 589 2862 pabuli
617 2747 798 2861 migrant
822 2745 1084 2859 Ossiiragae3
1112 2745 1159 2830 in
1185 2745 1554 2862 temperatioribus
1575 2752 1770 2836 brumam
1794 2753 1937 2838 ferunt.

394 2901 570 2984 Descr.
632 2908 759 2983 Este
788 2898 984 2983 maximis
1021 2898 1085 2982 sui
1122 2898 1306 3013 generis:
1349 2901 1465 3004 Mes,
1507 2933 1594 2989 non
1630 2904 1768 2989 multo
1797 2902 1937 2999 minor,

254 3053 414 3166 pondus
442 3066 481 3137 8.
511 3053 713 3136 librarum
742 3053 810 3135 vel
839 3053 965 3166 paulo
994 3059 1125 3162 majus
1155 3073 1318 3165 aequat.
1370 3055 1522 3169 ¹Rostn'
1553 3052 1667 3167 nigri
1703 3056 1861 3154 forma,
1895 3073 1938 3137 ut

252 3201 298 3286 in
326 3203 545 3290 Albicilla.
600 3209 710 3291 Cera
737 3206 871 3301 fusca,
899 3203 969 3286 vel
998 3201 1150 3302 livida,
1176 3233 1295 3287 nares
1327 3207 1493 3305 orales,
1532 3205 1802 3321 obliquatae,
1842 3234 1938 3292 mar

253 3353 344 3469 gini
373 3386 494 3440 cerae
523 3355 756 3472 proximae.
814 3356 1040 3470 Palpebrae
1067 3353 1276 3470 pallidae3
1318 3360 1442 3441 irides
1470 3363 1644 3444 obscure
1672 3355 1938 3475 gryseaeyel

252 3532 485 3596 castaneae.
541 3512 714 3595 Plumae
741 3508 788 3591 in
816 3529 907 3592 toto
935 3536 1111 3620 corpore
1140 3536 1279 3590 versus
1300 3508 1421 3593 basin
1445 3510 1848 3624 ferruginescentes,
1873 3540 1936 3597 ex·

252 3681 388 3743 tremo
414 3661 578 3772 nigrae,
621 3661 713 3747 basi
739 3682 852 3744 tecta
875 3681 923 3742 et
949 3657 1148 3773 lanugine
1178 3659 1285 3741 alba.
1342 3663 1451 3747 Gula
1479 3661 1644 3762 albida3
1686 3687 1841 3778 pectus
1864 3664 1935 3747 ier·

252 3807 613 3926 rugium-pallet,
644 3812 743 3897 solis
768 3813 1005 3927 plumarum
1033 3806 1224 3925 apicibus
1251 3809 1396 3925 nigris.
1465 3817 1656 3928 Remiges
1685 3830 1755 3903 26.
1784 3815 1932 3931 nigrae.

252 3961 534 4047 Subcaudales
562 3962 839 4079 tectricesque
868 3964 1025 4048 caudae
1054 3962 1197 4061 albae,
1237 3961 1357 4077 apice
1389 3962 1548 4077 nigrae.
1603 3968 1815 4055 flactrices
1838 3966 1934 4051 inte·

249 4107 337 4192 rius
366 4112 506 4217 albae,
547 4113 692 4230 apice,
732 4114 1004 4230 exteriusque
1040 4112 1185 4197 naevis
1222 4114 1527 4200 confluentibus
1562 4116 1748 4232 nigrant.
1817 4117 1933 4205 Pete

252 4261 387 4359 cerei,
414 4265 501 4348 fere
528 4266 637 4351 ultra
665 4266 825 4351 medias
853 4266 979 4352 tibias
1008 4263 1132 4366 nudi;
1170 4267 1314 4378 digitis
1340 4266 1632 4381 longiusculis,
1663 4293 1845 4357 externo
1869 4297 1930 4355 ex·

252 4413 537 4511 troversabili;
581 4421 655 4502 sed
694 4418 807 4534 plica
848 4420 935 4502 fere
977 4418 1107 4502 nulla.
1180 4421 1377 4503 Falculae
1417 4419 1577 4535 nigrae.
1650 4424 1847 4509 Mensura
1882 4416 1927 4503 ed

252 4563 502 4677 uropygium
535 4573 578 4652 r'.
606 4574 669 4675 9“.
701 4582 772 4656 6''‘.
802 4571 958 4655 caudae
1006 4573 1051 4654 ι’.
1091 4571 1149 4652 a‘'.
1186 4574 1256 4676 9“'.
1326 4571 1463 4656 Ulnae
1503 4574 1668 4658 alamm
1696 4608 1721 4659 n
1734 4634 1750 4657 .
1780 4576 1838 4658 0⁰.
1863 4570 1923 4654 δ”.

247 4742 525 4833 expansarum
554 4754 579 4827 7
608 4722 706 4834 ped.
735 4720 933 4806 tibiarum
963 4727 1022 4808 δ”.
1052 4731 1122 4808 8”’.
1188 4728 1281 4806 Mas
1317 4721 1473 4807 femina
1508 4754 1594 4809 non
1623 4725 1763 4811 multo
1791 4721 1924 4809 minor·

246 4863 435 4953 haeres
461 4867 594 4984 magis
621 4871 974 4986 ferruginescunt3
1017 4874 1203 4963 seniores
1230 4874 1466 4991 nigerrimi.
1534 4881 1780 4969 intestinum
1803 4864 1919 4987 unp>
