4410 5910
846 391 992 451 Ε
1670 385 1758 484 ²83

152 587 249 678 litus
288 588 484 706 Delphini
522 589 751 695 incana,
793 620 891 680 cnm
929 596 1129 683 Rosmaro
1170 593 1429 713 comparati,
1472 625 1647 716 quarum
1686 598 1763 693 hic

152 738 267 856 uitur
291 740 543 857 explicatio:

192 930 229 979 ι.
256 895 456 1008 Organon
485 893 651 979 auditus
679 924 703 980 e
731 901 954 995 Rosmaro,
982 897 1135 985 litteris
1163 898 1447 1016 designatum:

243 1051 297 1129 A.
356 1046 416 1131 Os
444 1049 695 1133 temborum.
914 1057 963 1139 Β.
1021 1052 1081 1137 Os
1108 1074 1354 1168 petrorsum.

240 1199 297 1281 D.
354 1186 539 1282 Musculi
566 1168 697 1282 varii.
909 1207 959 1285 E.
1016 1198 1186 1289 Caritas
1213 1203 1428 1321 tympani,
1455 1203 1584 1323 inqua

242 1376 281 1432 e.
311 1349 491 1434 Malleus
520 1348 566 1434 in
596 1350 680 1434 situ
706 1373 752 1436 et
777 1381 892 1438 nexu
919 1381 994 1438 suo
1022 1350 1253 1442 adhaerens

243 1498 273 1584 f.
303 1500 568 1588 membranae
596 1499 804 1616 tympani.

244 1656 292 1736 F.
350 1658 516 1737 Meatus
545 1653 775 1738 auditorius
803 1675 1021 1756 externus,
1059 1642 1427 1773 longitudinaliter
1456 1656 1680 1765 dissectus,
1719 1659 1765 1748 in

323 1833 409 1917 quo
437 1801 532 1918 pori
560 1803 697 1889 crebri
726 1804 894 1891 etvini
922 1807 1153 1925 conspicui.

244 1981 284 2066 g.
312 1960 520 2071 Apertura
548 1979 708 2040 meatus
735 1979 925 2043 externa.

243 2111 296 2192 G.
354 2105 533 2220 Insignis
563 2138 713 2192 nervus
742 2111 795 2192 ad
823 2139 965 2195 aurem
992 2110 1201 2197 internam
1229 2113 1422 2201 tendent.

243 2264 338 2343 HH.
395 2257 638 2344 Ossiculum
664 2259 851 2361 incudis;
882 2269 936 2345 ll.
966 2263 1167 2364 Malleus;

246 2414 335 2494 KK.
393 2414 558 2525 Stapes3
587 2415 637 2495 K.
666 2411 786 2530 idem
811 2444 941 2497 nervo
970 2410 1215 2500 adhaerens.

244 2566 327 2645 LL.
384 2563 444 2648 Os
472 2585 726 2680 petrorsum,
755 2563 921 2650 diverso
945 2564 1052 2668 situ,
1081 2564 1315 2681 integrum

245 2717 355 2799 MM.
397 2713 639 2801 diffractum
666 2718 806 2816 idem,
834 2742 881 2802 ut
907 2715 1085 2804 cochlea
1114 2740 1326 2834 appareat.

186 2901 230 2951 ο.
260 2863 442 2951 Auditus
470 2897 671 2983 organum
700 2900 723 2954 e
751 2868 971 2984 Delphino
1000 2873 1213 2956 Leucade:
1248 2916 1253 2925 ·

244 3020 336 3132 Fig.
372 3055 405 3104 1.
462 3022 670 3134 Apertura
698 3044 873 3107 externa
902 3022 1033 3122 auris,
1064 3053 1161 3107 cum
1189 3020 1372 3107 dissecto
1399 3020 1768 3136 longitudinaliter

325 3192 467 3255 meatu
494 3171 717 3259 auditorio.

245 3322 338 3434 Fig.
368 3357 407 3408 2.
460 3324 524 3408 Os
550 3345 809 3438 temporum,
850 3352 947 3409 cum
980 3345 1171 3438 petroso,
1211 3318 1415 3405 interiore
1452 3322 1584 3405 latere
1612 3322 1764 3428 visum,

326 3503 422 3558 curn
461 3478 563 3559 tuba
599 3471 892 3575 eustachiana,
930 3496 1049 3590 parte
1082 3470 1296 3587 tympani,
1332 3471 1379 3556 in
1407 3480 1523 3585 cujus
1542 3486 1655 3559 *cavo
1684 3497 1763 3558 sta-

323 3658 399 3742 pes
425 3631 605 3726 adfixus3
635 3625 762 3710 simul
778 3625 905 3712 nervi
936 3628 991 3710 ad
1018 3652 1162 3711 aurem
1187 3625 1395 3709 internam
1423 3628 1658 3710 tendentes.

244 3778 336 3893 ug.
367 3793 405 3864 3.
462 3782 522 3867 Os
557 3801 792 3894 petrorsum
832 3779 1108 3879 denudatum,
1150 3805 1247 3860 oum
1283 3775 1448 3875 nervis,
1488 3798 1534 3861 et
1573 3775 1620 3861 in
1659 3805 1765 3864 cavo

324 3930 518 4046 tympani
546 3928 784 4045 conspicuis
812 3927 1004 4017 ossiculis
1014 3992 1029 4031 ,
1056 3928 1234 4026 malleo,
1269 3924 1425 4012 incude
1451 3949 1497 4012 et
1522 3929 1708 4042 stapede.

243 4085 337 4196 Fig.
367 4101 407 4186 4.
430 4115 469 4166 a.
485 4085 524 4167 b.
554 4084 614 4169 Os
628 4105 863 4198 petrorsum
872 4082 1097 4197 integrum,
1110 4083 1161 4165 ab
1179 4102 1356 4193 utroque
1369 4079 1500 4162 latere
1515 4100 1761 4196 spectatum.
1902 4195 1906 4204 Ι

244 4237 340 4347 ng.
372 4250 410 4323 5.
468 4237 667 4347 Ejusdem
695 4266 790 4350 pars
817 4235 1008 4337 effracta,
1036 4255 1086 4345 ut
1111 4253 1311 4349 appareat
1338 4226 1514 4317 concha.
1554 4266 1558 4271 ·

246 4389 337 4500 Frg.
368 4401 407 4472 6.
464 4384 704 4472 Ossiculum
730 4385 897 4487 mallei,

243 4541 338 4652 ng.
369 4574 408 4648 7.
466 4538 644 4624 lncudis.
664 4561 708 4624 et

249 4691 340 4804 Frg.
371 4704 411 4777 8.
467 4691 686 4805 Stapedis,
713 4690 832 4777 vario
859 4687 956 4775 sinu.
1017 4730 1020 4735 ·

248 4845 341 4960 Εἰς.
368 4880 409 4957 9.
466 4847 612 4960 stapes
640 4871 792 4961 magno
814 4870 957 4931 nervo
983 4835 1232 4929 adhaerens.

1277 4999 1299 5043 ο
