4410 5910
259 441 349 529 442
1027 448 1174 501 ““·--“·“’·

250 641 383 759 sylvis
410 643 544 733 larvas
572 646 805 733 Pholoetica
834 653 1056 734 monachae
1097 670 1141 732 et
1182 649 1384 762 quadrae,
1431 646 1527 730 aliis
1569 645 1715 728 avibus
1758 643 1947 741 intactas,

252 796 377 882 avide
406 821 539 883 vorat.
597 801 726 914 Apud
751 829 827 884 nos
854 799 900 884 in
929 798 1244 914 campestribus
1272 798 1522 884 Scarabaeos
1550 816 1595 879 et
1616 794 1802 882 Carabos
1830 790 1948 907 legit.

252 951 388 1037 Nidus
414 950 461 1034 in
489 948 707 1035 arboribus
735 951 848 1036 cavis
879 975 923 1036 et
951 954 1006 1035 ad
1034 951 1284 1066 campestria
1324 948 1497 1033 flumina
1541 945 1587 1030 in
1631 967 1952 1062 praeruptorum

255 1099 375 1216 ripae
404 1100 616 1201 cavernis,
643 1101 706 1187 uti
736 1103 937 1219 Meropis.
1007 1103 1432 1218 Adpropinquantem
1475 1098 1577 1185 nido
1616 1095 1841 1183 hominem
1882 1096 1953 1180 vel

253 1254 386 1338 feram
428 1255 612 1338 clamore
656 1254 773 1368 gravi
816 1253 1158 1340 circumvolitant
1197 1276 1241 1337 et
1282 1285 1379 1340 cum
1420 1252 1520 1337 Pica
1562 1252 1739 1335 caudata
1780 1250 1829 1336 in
1860 1264 1955 1335 aere

255 1402 410 1490 acriter
436 1404 683 1520 confligunt.
739 1406 834 1491 Ova
862 1408 946 1491 duo
974 1405 1207 1508 albissima,
1249 1402 1504 1491 columbinis
1531 1402 1670 1518 paria,
1716 1404 1792 1487 sed
1821 1402 1956 1516 magis

256 1555 457 1670 globosa,
510 1558 757 1673 praesertim
797 1589 821 1644 e
863 1561 1025 1644 duobus
1072 1559 1319 1673 plerumque
1362 1557 1608 1642 alterutrum
1650 1553 1751 1663 (saxi
1794 1554 1851 1639 1''.
1883 1556 1953 1640 3'''.

257 1707 468 1794 diametro
503 1712 557 1793 1''.
586 1714 668 1824 tm.)
725 1714 834 1796 Pulli
862 1714 937 1796 sub
967 1714 1094 1794 finem
1120 1708 1223 1795 Julii
1249 1708 1384 1795 adulti
1412 1710 1583 1794 evolant
1621 1729 1667 1793 et
1706 1708 1786 1797 sub
1826 1708 1955 1793 finem

256 1858 441 1976 Augusti
469 1892 566 1946 cum
592 1862 836 1978 parentibus
865 1861 1060 1977 migrant.

398 2012 605 2099 Observ.
663 2017 794 2100 Pullis
829 2015 946 2099 color
986 2011 1217 2114 exoletior,
1257 2010 1482 2130 aerugineo
1496 2064 1511 2079 ·
1525 2011 1802 2099 cinerescens.
1874 2019 1954 2099 Tu·

257 2163 478 2250 berculurn
507 2166 648 2250 album
677 2198 800 2282 supra
826 2165 1048 2250 incurvum
1076 2165 1200 2253 rostri
1227 2167 1415 2283 apicem,
1457 2166 1580 2280 quale
1607 2164 1655 2251 in
1695 2165 1825 2282 pullis
1852 2166 1952 2251 Vul-

259 2337 422 2417 turum,
465 2318 694 2404 Falconum
731 2340 774 2403 et
802 2316 977 2402 aliarum
1006 2349 1174 2434 quoque
1203 2318 1343 2404 avium
1372 2316 1612 2417 observavi3
1651 2318 1798 2402 sedin
1827 2320 1953 2406 Cora·

261 2465 329 2550 cia
357 2467 486 2552 etiam
514 2491 737 2583 postquam
763 2470 871 2586 pulli
900 2470 1121 2556 evolarunt
1144 2494 1302 2586 perstat
1328 2494 1502 2586 tumque
1539 2469 1695 2554 sensim
1722 2470 1952 2556 evanescit.

261 2616 482 2702 Juniorum
507 2623 672 2735 pondus
699 2621 857 2709 unciar.
887 2636 932 2724 5,
975 2652 1071 2706 cum
1100 2621 1283 2709 semisse.
1352 2622 1632 2739 Deplumatae
1660 2622 1776 2707 mole
1804 2628 1954 2707 Turtu-

260 2765 334 2852 ris.
392 2771 502 2856 Cum
530 2779 728 2892 Merope,
759 2772 866 2861 haec
893 2771 1211 2888 pulcherrimis,
1252 2775 1366 2861 inter
1392 2795 1617 2878 nostrates,
1659 2774 1861 2890 splendet
1886 2804 1952 2860 co·

264 2919 438 3008 loribus.
459 2976 516 2994 -
549 2928 804 3013 Ventriculus
828 2926 1080 3011 camositate
1107 2927 1245 3032 tenui,
1289 2927 1364 3012 vix
1399 2934 1464 3011 1''‘.
1493 2956 1644 3027 crassa,
1685 2925 1815 3040 plicis
1843 2926 1951 3011 intus

266 3072 444 3186 magnis.
500 3079 643 3194 Hepor
667 3081 754 3164 fere
782 3077 828 3162 in
857 3081 942 3164 duo
970 3103 1150 3185 sectum,
1181 3078 1291 3165 lobis
1310 3078 1385 3163 vix
1409 3074 1756 3181 cohaerentibus,
1784 3078 1950 3165 sinistro

264 3225 514 3342 submajore.
569 3234 768 3319 Intestina
797 3232 925 3348 dupla
952 3231 1220 3345 longitudine
1248 3229 1400 3319 trunci.

687 3568 1529 3721 mtcucunus

401 3806 541 3895 Unica
568 3811 699 3896 ctiam
726 3811 849 3928 hujus
877 3812 1042 3930 generis
1069 3814 1232 3931 species
1257 3815 1429 3901 boreale
1458 3812 1851 3935 haemisphaerium
1876 3820 1946 3905 tre-

263 3982 461 4076 quentat,
500 3983 545 4048 et
565 3962 728 4078 ubique
755 3988 856 4053 nota
884 3990 969 4068 est,
1009 3968 1167 4082 ubique
1196 3968 1366 4067 cadem,
1406 3965 1453 4051 in
1481 3966 1683 4055 Sibiriam
1710 4002 1847 4089 usque
1872 4002 1948 4057 mr·

265 4110 381 4198 xime
408 4114 661 4202 orientalem
688 4120 905 4233 frequens,
946 4140 991 4204 et
1018 4150 1114 4206 cum
1141 4118 1491 4235 praecedentibus
1524 4124 1580 4208 ad
1607 4146 1797 4215 austrum
1825 4120 1947 4215 deuu'·

264 4290 406 4379 grans,
437 4268 671 4354 confirmati
697 4269 807 4355 veris
843 4269 1075 4357 certissima
1102 4270 1261 4358 nuntia.

636 4456 722 4570 84.
813 4448 854 4543 C
882 4453 925 4544 U
950 4450 992 4544 C
1020 4454 1063 4542 U
1089 4458 1125 4544 L
1153 4457 1196 4545 U
1222 4456 1252 4544 S
1325 4456 1579 4551 borealis.

400 4589 449 4680 C.
477 4595 609 4678 cauda
636 4599 881 4697 rotundata,
909 4626 1084 4713 corpore
1114 4602 1257 4684 subtus
1286 4599 1405 4707 albo,
1440 4605 1556 4689 fusco
1585 4601 1765 4720 virgato.

482 4744 664 4833 Cuculus
692 4770 928 4855 auctomm,
964 4752 1186 4866 Wr'llughb.
1216 4785 1301 4839 om.
1330 4786 1372 4868 p.
1402 4768 1468 4841 62.
1511 4758 1596 4843 tob.
1627 4793 1695 4870 77.
1738 4762 1833 4881 Μ.
1858 4788 1939 4874 syn·

539 4928 640 5014 pag.
670 4914 736 4993 23.
764 4903 906 4993 Albin.
936 4936 1002 4993 av.
1031 4909 1066 4994 Ι.
1094 4906 1180 4998 tab.
1210 4918 1249 4997 6.
1285 4909 1440 4997 Priscu
1468 4939 1537 4997 av·
1564 4912 1641 5001 IV·
1669 4914 1760 5003 tab.
1787 4930 1937 5025 404¹·
