4410 5910
262 424 356 530 386
1027 444 1177 498 ..···.·.···..

261 638 395 735 deest.
454 645 577 735 Circa
604 645 750 744 urbes,
792 644 951 762 oppida
990 670 1034 732 et
1070 675 1200 765 pagos
1229 643 1387 730 versari
1415 666 1546 748 amat,
1590 666 1634 729 et
1662 643 1855 730 nidificat
1904 643 1965 731 lu·

261 803 410 888 beuter
438 799 483 885 in
513 797 718 901 turribus,
748 798 989 904 ruderibus,
1019 801 1133 886 cavis
1164 800 1357 882 arborum
1378 819 1424 882 et
1442 795 1678 912 praeruptis
1698 794 1818 911 ripis.
1867 797 1963 885 Ovs

263 969 303 1043 5.
334 954 389 1039 ad
417 969 456 1040 6.
486 948 741 1039 columbinis
769 949 940 1036 similia.
1011 960 1110 1038 Post
1150 954 1349 1037 educatos
1384 950 1523 1065 pullos
1552 970 1861 1063 congregantur
1886 947 1962 1034 in'r-

256 1108 418 1193 mensis
456 1107 627 1210 turmis,
670 1126 716 1188 ut
743 1131 869 1219 saepe
898 1126 1039 1188 vastae
1068 1105 1191 1189 nubis
1219 1102 1352 1187 instar
1391 1100 1652 1184 transvolent
1693 1121 1740 1185 et
1779 1097 1828 1183 in
1869 1114 1962 1185 abre

257 1286 386 1375 gyros
416 1282 555 1374 agant.
613 1257 798 1342 Multum
826 1277 928 1340 tunc
958 1257 1104 1340 damni
1131 1254 1318 1340 inferunt
1346 1251 1483 1338 vineis
1512 1273 1557 1335 et
1582 1248 1742 1352 hortis,
1779 1282 1961 1366 praeser-

261 1412 343 1496 tim
370 1409 690 1498 Astrachaniae.
755 1412 955 1523 Aucupes
984 1429 1027 1491 et
1056 1430 1297 1510 venatores,
1341 1404 1449 1490 miro
1475 1403 1700 1508 instinctu,
1743 1433 1772 1488 e
1798 1402 1960 1518 lougiu-

253 1570 347 1679 ‘quo
375 1585 591 1666 metuunt,
636 1560 740 1647 alias
768 1561 945 1644 audaces
982 1582 1026 1644 et
1052 1561 1317 1675 procaculae.
1388 1565 1528 1642 Voces
1568 1554 1696 1641 facila
1736 1555 1958 1643 addiscunt

252 1735 309 1800 'et
336 1713 594 1815 cicurantur;
624 1717 785 1798 furaces
814 1733 915 1795 tunc
945 1734 989 1795 et
1018 1712 1220 1797 curiosae.

349 1832 352 1841 Ι
407 1869 451 1951 N
457 1888 557 1952 ota.
627 1864 813 1948 Adultae
853 1861 1044 1976 pulchris
1086 1863 1327 1966 coloribus,
1374 1860 1623 1978 praesertim
1665 1860 1782 1947 circa
1822 1881 1958 1977 caput,

262 2018 503 2134 splendent.
561 2019 728 2103 Pondus
758 2017 811 2098 ad
839 2015 946 2099 Irtin
983 2014 1202 2100 unciarum
1232 2031 1256 2101 6
1286 2018 1340 2101 ad
1370 2029 1425 2109 bs.
1496 2014 1722 2100 Monadalo
1749 2036 1843 2099 tota
1869 2042 1962 2099 cntr-

261 2171 366 2254 arua
400 2170 606 2268 mascula,
646 2193 762 2252 'anno
797 2185 913 2276 1774.
941 2164 988 2250 in
1016 2165 1109 2281 ipsa
1135 2169 1237 2251 urbe
1266 2167 1431 2253 Saraisk
1460 2195 1484 2250 e
1512 2164 1615 2253 nido
1643 2164 1865 2250 solitorum
1892 2194 1960 2281 pa·

263 2342 432 2405 rentum
460 2342 627 2406 etcum
655 2316 840 2432 vulgaris
869 2315 1023 2402 coloris
1050 2348 1191 2403 sorore
1225 2321 1413 2404 imventa
1449 2317 1548 2422 fuit,
1591 2316 1663 2402 cui
1689 2315 1823 2403 irides
1851 2314 1962 2403 cine·

261 2502 381 2570 reae,
411 2495 591 2558 rostrum
619 2473 833 2586 pedesque
862 2469 1034 2555 cinereo
1050 2470 1331 2557 -livescentes
1359 2493 1492 2555 erant.
1565 2472 1728 2556 Eodem
1772 2498 1883 2552 anno
1916 2466 1959 2553 in

262 2626 367 2709 urbe
396 2624 624 2727 Colomna,
656 2624 708 2706 ab
735 2620 813 2706 illa
841 2619 955 2710 haud
975 2621 1037 2707 ita
1060 2623 1185 2737 longe
1207 2622 1375 2726 dissita,
1406 2625 1625 2708 observata
1644 2619 1726 2703 fuit
1740 2621 1959 2707 Monedulu

263 2777 362 2861 albo
376 2828 390 2843 ·
406 2783 640 2878 maculata,
670 2786 833 2891 proque
862 2796 1060 2888 portento
1089 2774 1322 2875 celebrata3
1350 2802 1530 2887 cumque
1558 2802 1635 2888 per
1659 2770 1788 2856 istam
1816 2773 1958 2858 urbem

263 2927 348 3012 ite'r
375 2924 487 3011 mihi
512 2948 615 3010 tunc
644 2949 776 3025 esset,
806 2957 906 3011 casu
933 2947 1110 3010 venator
1137 2955 1257 3014 meus
1282 2928 1549 3012 Monedulam
1574 2945 1709 3010 totam
1737 2926 1957 3012 candidam

251 3074 472 3193 ‹juniorern
501 3076 677 3163 occidit.
748 3080 819 3161 Ad
854 3107 1008 3192 pagum
1037 3082 1172 3195 Kijat,
1215 3108 1301 3164 non
1338 3046 1463 3193 longe
1492 3079 1545 3162 ab
1572 3079 1676 3161 urbe
1703 3081 1956 3164 Ahretscloet

247 3246 296 3317 ἐ.
315 3218 657 3348 ’ὃγωρὴθτοροῇ
687 3228 891 3328 Tauriae,
923 3227 1122 3343 pluribus
1160 3231 1395 3316 successive
1423 3229 1542 3316 annis
1570 3230 1805 3315 Monedula
1832 3226 1975 3313 nasci.

260 3400 333 3469 tur
358 3381 560 3485 candida,
604 3411 780 3496 quarum
816 3380 960 3480 binas,
1001 3377 1129 3466 variis
1165 3381 1285 3467 annis
1324 3388 1658 3497 (1794θῒ96·)
1700 3402 1845 3497 captas
1870 3378 1955 3499 ipse

247 3532 381 3620 vivas
408 3530 562 3633 habui,
601 3555 645 3618 et
671 3565 799 3618 unam
827 3531 966 3619 obtuli
993 3536 1416 3647 Angustissimum
1453 3536 1791 3653 Imperatrict'
1817 3535 1875 3620 b..
1900 3560 1950 3617 ur.

262 3688 583 3770 Cuthorinoe
610 3689 666 3769 ΙΙ.
724 3692 773 3769 In
801 3684 907 3770 villa
931 3687 1094 3771 Arotub
1115 3688 1258 3774 vicina
1280 3688 1421 3774 eidem
1441 3685 1539 3772 urbi
1559 3696 1604 3771 e't
1624 3684 1758 3773 fluvio
1778 3684 1948 3801 Salghis‚

244 3836 371 3920 uuae
400 3837 653 3923 Mouedulae
682 3838 802 3923 albae
829 3869 884 3924 ex
913 3841 1067 3927 eodem
1094 3839 1199 3926 nido
1234 3841 1477 3927 observatae
1516 3867 1627 3925 anno
1669 3849 1788 3945 1804.
1857 3842 1949 3924 Sunt

261 4015 365 4072 vero
394 3983 476 4072 has
505 3991 762 4076 Monedulae
791 3991 920 4078 solito
948 3993 1076 4108 paulo
1103 3991 1308 4096 minores,
1346 4012 1480 4078 rostro
1521 4016 1675 4077 carneo
1691 4002 1698 4013 “
1714 4020 1790 4077 seu
1823 3992 1945 4075 nrbes·

249 4126 378 4225 censi
391 4188 406 4207 ·
421 4140 544 4240 albo;
597 4143 728 4227 altera
776 4164 867 4229 erat
913 4142 1049 4231 oculis
1102 4142 1288 4259 glaucis,
1336 4144 1468 4229 altera
1519 4141 1682 4244 rubris,
1737 4144 1815 4231 sed
1850 4138 1944 4227 iride

245 4290 372 4377 alba.
444 4290 573 4379 Pedes
611 4295 800 4410 utrisque
843 4297 942 4382 albi.
1011 4301 1111 4382 Auo
1145 4311 1261 4406 1781.
1290 4302 1491 4383 Moscuae
1533 4297 1648 4411 apud
1685 4298 1823 4383 Antio.
1860 4292 1941 4377 rn-

260 4474 354 4562 cop.
399 4446 652 4556 Demidof
683 4445 826 4532 viram
872 4447 965 4534 vidi
1004 4451 1308 4537 Monedulnmz
1361 4446 1529 4535 cervice
1579 4478 1714 4548 cana,
1759 4445 1940 4533 intensa

258 4594 381 4713 pulio
422 4597 548 4702 albo,
606 4604 721 4684 Zona
764 4600 862 4685 albo
880 4651 894 4666 ·
909 4599 1028 4714 nigra
1076 4600 1190 4687 inter
1237 4600 1449 4688 cervicem
1497 4622 1543 4684 et
1588 4594 1937 4716 interscapulum,

258 4747 427 4833 macaria
466 4749 654 4866 pectoris
696 4750 818 4858 alba,
861 4753 1093 4873 remigibus
1134 4753 1462 4873 testricibmque
1502 4752 1718 4871 primariis
1758 4748 1855 4841 totis
1888 4734 1937 4829 δ’

238 4895 360 5006 bia·
388 4922 606 4990 caeterum
628 4902 806 5021 nigram.
