4410 5910
250 402 345 491 290
1021 359 1175 461 ἐξ

471 607 655 693 Balaena
680 602 905 722 Physalus,
945 611 1036 692 Lin.
1058 591 1170 720 'systss
1199 604 1296 690 ΧΠ.
1324 608 1358 690 l.
1387 636 1487 721 pag.
1523 618 1612 695 106.
1646 635 1712 724 sp·
1739 641 1783 696 a.
1810 610 1949 700 Sclua-

531 762 613 847 ber.
643 766 854 847 mammal.
1243 794 1246 799 ·
1591 732 1600 749 .

476 910 681 1015 Finfisch,
711 916 907 999 Martens.
936 912 1065 1030 spizb.
1096 944 1136 1026 p.
1171 923 1260 998 ηδ.
1288 911 1374 997 tab.
1403 912 1457 1029 Q
1483 914 1569 1026 fig.
1598 942 1636 999 c.
1672 914 1800 1001 Perus.
1827 916 1948 1005 Zool.

533 1066 627 1148 brit.
658 1071 767 1176 (rito)
795 1070 872 1150 ΙΙΙ.
902 1099 943 1182 p.
974 1080 1040 1153 51.
1069 1098 1108 1148 η.
1145 1076 1205 1150 18.

369 1215 544 1304 Rossice
572 1219 673 1302 Kiit.
745 1218 942 1306 Coraecis
979 1217 1153 1330 (adulti)
1183 1220 1333 1315 Clar03
1371 1213 1555 1332 juniores
1579 1218 1756 1335 Jyaggi.
1835 1228 1952 1307 Caru-

420 1367 657 1457 tschadalis
686 1372 793 1481 Day
821 1373 891 1455 vel
919 1374 1177 1483 Chai-Day.

271 1492 275 1499 ι
398 1527 449 1609 In
485 1519 593 1607 mari
619 1524 750 1607 boreo
777 1545 822 1607 et
849 1525 1022 1610 Oceano
1063 1519 1262 1609 orientali
1303 1551 1437 1637 aeque
1474 1521 1659 1637 vulgaris
1693 1519 1787 1610 imo
1815 1524 1955 1641 vrrlga·

262 1673 425 1761 tissima
454 1675 635 1793 species3
677 1675 945 1790 potissimum
981 1673 1175 1789 Loligine
1214 1698 1257 1760 et
1285 1673 1473 1759 Medusis
1515 1672 1694 1791 aliisque
1722 1673 1955 1763 minoribus

262 1825 481 1944 aequoreis
510 1826 776 1912 animalculis
804 1825 1018 1913 victitans.
1082 1833 1198 1913 Haec
1225 1826 1317 1944 ipsa
1354 1850 1441 1931 est,
1484 1831 1600 1938 cujus
1628 1828 1821 1913 sceleton
1849 1858 1954 1921 anno

269 1998 387 2091 ¹740·
417 2010 442 2065 e
476 1976 583 2065 mari
618 1982 748 2065 boreo
783 1978 1028 2095 Petropolin
1074 1978 1228 2065 adtulit
1267 1982 1410 2065 Petrus
1449 1982 1489 2063 K
1496 1989 1669 2093 argiri,
1711 1976 1951 2097 Chirurgus,

263 2134 463 2247 quodque
498 2133 544 2218 in
584 2137 728 2241 Museo
769 2133 1086 2218 Academiae
1123 2134 1455 2248 Petropolitanaa
1495 2153 1740 2216 asservatur.
1816 2136 1952 2229 Natat,

265 2306 313 2369 ut
341 2287 429 2368 fere
458 2283 601 2370 omnia
631 2286 814 2372 Cetacea
875 2284 1079 2370 undulato
1105 2304 1241 2368 tractu
1275 2314 1348 2368 seu
1376 2284 1582 2389 flexuoso,
1625 2284 1870 2370 alternatim
1894 2313 1949 2367 ca·

266 2458 345 2552 put
373 2438 605 2552 mergendo
633 2458 677 2521 et
712 2438 855 2521 denuo
892 2440 1156 2551 exsurgendo
1196 2458 1370 2551 tumque
1411 2433 1536 2520 simul
1577 2433 1787 2522 vorticem
1829 2462 1950 2553 aquas

269 2586 479 2704 spiraculo
508 2611 754 2674 eructat-
781 2592 848 2671 Ex
876 2589 1171 2673 observatione
1199 2590 1308 2674 Stel
1316 2595 1332 2674 l
1339 2595 1413 2673 eri
1447 2618 1535 2673 maa
1563 2617 1661 2672 cum
1687 2584 1849 2673 femina
1874 2596 1950 2673 Au·

269 2760 392 2853 gusto
420 2764 463 2826 et
494 2739 733 2857 Septembri
761 2771 838 2856 per
872 2739 990 2856 paria
1022 2764 1169 2826 natant
1208 2761 1252 2825 et
1270 2806 1273 2811 -
1292 2738 1643 2856 congrediuntur,
1682 2770 1836 2856 corpus
1873 2740 1950 2823 lere

269 2890 381 2975 ultra
410 2890 638 2978 dimidium
666 2891 946 3007 longitudinis
975 2923 1097 3009 supra
1131 2895 1264 2978 undas
1296 2890 1708 3009 perpendiculariter
1734 2890 1949 3008 erigentes.

267 3042 572 3161 Tempestuosa
599 3068 852 3162 tempestate
892 3046 1121 3130 admodum
1154 3043 1391 3160 inquietae,
1426 3042 1614 3130 velocius
1641 3042 1951 3141 circumnatat,

268 3195 402 3310 magis
430 3227 582 3314 corpus
611 3230 734 3315 supra
762 3228 919 3313 aequor
947 3197 1183 3302 extollunt,
1227 3217 1271 3280 et
1306 3217 1435 3281 noctu
1463 3226 1588 3313 saepe
1617 3195 1806 3313 rugitum
1834 3224 1951 3315 quen·

272 3348 369 3432 dam
398 3351 542 3436 edunt.
612 3353 682 3436 Ab
719 3351 842 3437 Orcis
878 3349 1033 3434 misere
1070 3347 1340 3463 exagitantur
1364 3369 1408 3433 et
1434 3371 1558 3465 saepe
1588 3349 1753 3437 lacerae
1779 3348 1829 3437 in
1856 3348 1950 3435 vadi

272 3522 317 3584 et
343 3500 489 3586 littora
516 3503 753 3617 pelluntur,
791 3533 876 3587 non
905 3500 996 3584 sine
1025 3500 1143 3614 gravi
1168 3499 1354 3616 ipsarum
1380 3502 1535 3614 rugitu.

410 3657 585 3739 Descr.
615 3685 669 3739 ex
698 3652 1041 3739 adnotationibus
1068 3652 1330 3766 praelaudati
1344 3655 1564 3767 borgia.
1630 3657 1803 3760 „Pinna
1828 3648 1949 3767 longi·

275 3801 453 3908 „tudine
483 3803 715 3890 semiulnae
743 3806 789 3890 in
818 3809 941 3891 dorso
970 3835 1111 3889 versus
1139 3806 1328 3890 caudam.
1398 3808 1633 3921 Longitudu
1658 3808 1791 3894 totius
1827 3844 1871 3893 ra
1896 3812 1949 3890 orss

274 3984 405 4070 „gyas
436 3958 661 4069 aequabat,
704 3989 778 4043 seu
812 3962 943 4075 pedes
982 3954 1170 4071 anglicos
1198 3969 1265 4062 84.
1331 3959 1469 4073 Caput
1509 3959 1809 4076 duodeuiginti
1834 3958 1951 4078 pedes

273 4107 478 4222 „longum
505 4130 550 4194 et
577 4109 902 4210 crassissimum,
936 4108 982 4194 in
1018 4116 1135 4223 cujus
1162 4106 1323 4194 vertice
1351 4119 1464 4197 sinus
1489 4131 1745 4199 transversus
1772 4105 1948 4227 insignis

272 4262 488 4376 „palmam
518 4263 687 4379 longus,
730 4263 877 4349 crassis
904 4262 1051 4362 labiis,
1093 4260 1268 4346 scissura
1300 4285 1473 4378 patente
1503 4263 1674 4370 divisis,
1715 4266 1843 4351 valde
1869 4287 1947 4378 pm

272 4413 456 4517 „fundus
500 4419 814 4531 (Spiraculum).
892 4419 954 4504 Os
994 4420 1092 4503 loco
1132 4412 1325 4504 dentium
1365 4414 1479 4501 intus
1518 4416 1761 4533 praeditum
1801 4418 1948 4506 lamina

272 4571 347 4676 ‚‚(e
377 4568 590 4682 superiore
620 4570 814 4684 maxilla)
845 4571 1030 4671 comeis,
1072 4590 1162 4653 atro
1192 4567 1419 4671 coendeis,
1461 4572 1515 4654 ad
1540 4569 1704 4686 postica
1730 4569 1864 4689 palati
1886 4588 1947 4683 per

270 4716 563 4819 „validissima
592 4723 823 4840 ligamenta
864 4723 1060 4820 firmatis,
1101 4730 1302 4839 juxtaque
1343 4721 1475 4838 palati
1515 4722 1833 4837 longitudinem
1869 4742 1944 4835 pru

272 4868 463 4980 ,‚ductis,
507 4904 684 4991 quarum
725 4876 927 4991 altitudo,
971 4874 1195 4995 longitudo
1236 4896 1281 4960 et
1311 4873 1522 4963 crassitiei
1550 4873 1817 4995 inaequales,
1860 4896 1942 4989 qm·
