4410 5910
1017 310 1166 366 Β
1847 322 1937 411 320

256 514 529 605 tiensestet
555 509 721 598 cicuta
749 507 848 625 gelu
875 509 1048 597 defendi
1076 513 1226 612 debet,
1260 543 1318 600 ne
1344 511 1500 631 digitos
1528 514 1731 636 sphacelo
1746 523 1937 614 amittat.

252 668 575 758 Calmuccorum
602 686 646 749 et
670 669 919 751 Tatarorum
946 662 1164 781 principes
1207 687 1252 749 et
1289 694 1482 781 proceres
1522 670 1729 761 Falcones
1766 698 1939 795 propter

250 816 545 922 ¹venationem,
583 845 745 902 summo
773 814 820 901 in
857 812 1018 900 honore
1047 815 1227 921 habent,
1274 841 1318 903 et
1344 848 1496 935 magua
1521 844 1671 913 curant
1696 823 1936 942 diligentia.

252 973 445 1059 Plantam
473 970 705 1085 quandam,
733 998 861 1083 quam
888 970 1334 1084 Chumusur-ebessyri
1358 993 1511 1055 vocant
1539 975 1778 1082 Calmuoci,
1809 985 1936 1091 cujus

252 1121 472 1241 specimen
498 1118 691 1206 obtinere
718 1148 804 1206 non
830 1117 974 1237 potui,
1001 1138 1102 1205 vere
1128 1122 1175 1207 in
1204 1123 1335 1238 pratis
1356 1126 1411 1209 ad
1433 1126 1615 1240 Volgam
1637 1127 1805 1242 legunt,
1832 1134 1939 1242 ejus·

250 1302 336 1394 que
365 1276 544 1360 decocto
573 1274 757 1358 falcones
786 1271 949 1388 saepius
977 1274 1140 1377 lavant,
1168 1297 1216 1359 ut
1244 1305 1268 1357 a
1295 1274 1505 1391 pediculis
1532 1299 1577 1365 et
1597 1278 1739 1364 scabie
1759 1279 1940 1364 liberem

250 1451 322 1517 tur
346 1448 393 1523 et
419 1427 588 1544 plumae
616 1424 765 1510 laetius
794 1447 1005 1527 crescant,
1049 1456 1175 1541 quem
1210 1426 1341 1512 etiam
1378 1430 1579 1516 effectum
1607 1430 1654 1514 in
1680 1428 1857 1517 homine
1887 1432 1941 1525 ad

250 1579 414 1684 tinem
438 1606 631 1663 exserere
660 1579 884 1663 decoctum
911 1577 1019 1661 illud
1048 1576 1243 1671 dicitur.¹
1272 1579 1418 1663 Tatari
1445 1579 1826 1700 Nogaioi'herbam
1847 1579 1942 1668 Ari·

250 1727 488 1849 stolochiae
515 1729 755 1816 Clematitis
783 1760 836 1815 eo
863 1758 992 1843 scopo
1021 1726 1249 1830 adhibent,
1284 1761 1391 1846 quae
1428 1734 1536 1818 forte
1565 1736 1715 1823 eadem
1741 1733 1943 1822 cumina

251 1879 491 1976 consueris
518 1880 684 1968 usitata.

391 2035 566 2119 Descr.
627 2035 757 2119 ΤΑΒ.
786 2037 859 2119 IV.
901 2038 1064 2122 Maris
1093 2035 1248 2120 adulti:
1284 2037 1533 2149 Magnitudo
1559 2036 1671 2120 inter
1699 2066 1872 2124 corvum
1898 2058 1945 2123 et

248 2185 486 2286 cornicem3
514 2183 644 2270 facies
672 2188 966 2273 Subbuteonis.
1021 2193 1213 2273 Rostmm
1239 2187 1331 2273 basi
1361 2187 1670 2292 coerulescens,
1714 2187 1854 2278 obiter
1879 2184 1943 2274 bi

249 2344 495 2458 dentatum,
523 2337 699 2424 maxilla
727 2339 927 2438 inferiore
949 2340 1146 2454 utrinque
1168 2338 1323 2423 leviter
1343 2337 1519 2423 sinuata.
1576 2341 1682 2428 Cera
1703 2336 1944 2441 fler-issima,

249 2490 420 2587 natium
445 2488 649 2607 aperturis
692 2490 907 2596 rotundis,
947 2491 1109 2608 papilla
1143 2489 1358 2576 centraria.
1426 2491 1652 2607 Palpebrae
1679 2492 1765 2577 lete
1792 2492 1943 2592 nudae,

249 2643 465 2762 pallidae,
492 2642 617 2727 irides
650 2642 811 2744 fuscae3
855 2642 1125 2761 superciliose
1166 2645 1464 2757 suggrundium
1503 2645 1720 2729 nudatum.
1793 2645 1946 2732 Vates
2083 2626 2086 2631 ¹
2136 2628 2140 2633 .

249 2811 357 2884 oum'
378 2790 547 2881 cervice
574 2796 763 2880 exsoleta
792 2793 932 2909 nigra;
972 2826 1071 2879 oreo
1111 2798 1187 2880 sub
1227 2794 1363 2880 oculis
1399 2789 1644 2911 ¹rrrcculoque
1680 2817 1946 2910 mystaceaa

250 2969 389 3034 rostro
403 2947 674 3033 ,descendens
702 2968 792 3030 atra
832 2954 968 3061 (quae
1004 2947 1136 3032 etiarn
1162 2945 1437 3059 junioribus).
1506 2949 1687 3030 Dorsum
1727 2972 1859 3058 usque
1896 2943 1945 3039 in

250 3100 452 3199 caudam,
479 3098 721 3213 alarumque
749 3101 868 3182 bases
894 3097 1273 3212 plumbeo-fusca,
1293 3098 1471 3184 obscuro
1498 3092 1767 3181 transversim
1796 3093 1943 3178 fascia·

251 3266 315 3339 ta.
371 3252 562 3365 Rmuges
588 3247 767 3335 interius
795 3246 902 3336 ereis
930 3249 1199 3334 transversim
1228 3248 1373 3333 crufo
1414 3242 1522 3331 albis
1560 3244 1712 3330 sabaa
1752 3243 1840 3326 aris
1881 3273 1944 3326 ru-

249 3401 599 3518 tacens-alos,
631 3401 705 3486 vol
745 3400 913 3501 lacteas
945 3400 1044 3513 gula
1067 3398 1358 3498 immaculata,
1399 3397 1545 3511 jugulo
1584 3391 1753 3513 punctis
1793 3392 1944 3511 sparsis
2055 3512 2060 3522 ,

249 3551 568 3653 terminalibus,
602 3575 749 3669 pectus
776 3551 929 3637 taeniis
954 3552 1199 3637 transversis
1227 3549 1379 3665 nigris,
1419 3546 1667 3666 interruptis
1693 3552 1776 3658 (*),
1814 3544 1945 3643 orisso

250 3703 420 3819 censius-,¹
439 3703 786 3806 obsoletioribus,
800 3701 999 3791 trochia
1019 3706 1168 3799 subtus
1187 3701 1474 3789 creberrimis.
1536 3696 1687 3788 cauda
1714 3699 1800 3784 alas
1827 3728 1944 3784 com·

250 3854 412 3976 positas
439 3854 515 3944 vix
542 3857 753 3974 excedens
761 3891 782 3955 3·
810 3864 996 3943 rectrices
1031 3877 1224 3941 extremo
1252 3876 1514 3968 urgemus,
1542 3853 1688 3937 fusco·
1704 3851 1944 3964 plumbeae,

248 4004 395 4095 fasciis
422 4005 666 4093 transversis
692 4006 863 4094 circiter
890 4009 1046 4094 decem
1065 4005 1216 4120 nigris,
1246 4005 1370 4122 apice
1389 4006 1525 4092 albae.
1580 4004 1754 4089 Femoro
1775 3998 1943 4118 punctis

252 4157 476 4276 aginesis.
532 4161 662 4273 Pedes
688 4157 850 4247 robusti
874 4157 1114 4260 llavissimi·;
1151 4157 1284 4269 tibiae
1312 4157 1548 4256 breviorem
1589 4154 1715 4267 degui
1740 4151 1944 4264 elongati,

256 4309 444 4401 verrucis
474 4310 765 4399 anicularihus
793 4309 1192 4427 haemisphaericis,
1232 4308 1420 4402 exterior
1445 4305 1560 4426 plica
1587 4304 1685 4393 laxa
1710 4300 1943 4391 divarican-

269 4728 281 4753 -.
315 4650 379 4746 (t)
405 4653 594 4759 stagnare
619 4658 656 4723 sn
683 4653 740 4724 tn
765 4656 905 4751 evron.
920 4614 1021 4748 quos
1045 4656 1246 4749 smegma
1276 4649 1485 4747 sponsatur
1508 4647 1807 4743 pepusam,
1838 4633 1943 4721 sto·

402 4779 454 4843 tit
478 4781 687 4847 transvena
709 4781 769 4852 sit·
1022 4874 1026 4881 ,
1078 4870 1081 4877 ,

1306 4864 1314 4871 ’
1468 4923 1522 5016 4ο
