4410 5910
747 674 871 776 140.
969 658 1125 747 SUS
1198 658 1437 752 indicus.

386 809 429 893 S.
457 808 581 891 dorso
609 805 834 889 rotundato
855 796 993 906 laevi,
1022 804 1156 887 cauda
1182 825 1296 888 recta
1323 801 1551 888 breviculo.

469 962 546 1044 Sus
574 954 773 1056 sinensis,
801 958 891 1039 lin.
919 976 1026 1069 syst.
1054 958 1153 1041 XII.
1180 958 1216 1040 Ι.
1245 988 1287 1071 p.
1323 989 1412 1041 roa.
1446 986 1510 1071 sp.
1544 990 1577 1042 ι.
1614 994 1656 1067 γ.
1684 953 1812 1043 Pom.
1840 957 1941 1043 tua

521 1112 670 1227 quadr.
701 1142 741 1222 p.
776 1122 864 1194 128.

468 1269 622 1347 Porcus
663 1259 865 1373 jurensis,
907 1262 1030 1348 Kolb.
1071 1292 1233 1377 caperis.
1276 1264 1311 1346 l.
1352 1292 1450 1375 pag.
1496 1295 1582 1372 ιη.
1625 1259 1789 1347 Fomst
1829 1258 1940 1345 Now.

527 1416 646 1498 Gatn.
677 1444 775 1527 3²⁰3·
806 1451 872 1525 97·

387 1572 500 1653 Toto
528 1565 680 1653 habitu
708 1587 751 1649 et
778 1565 1122 1681 proportionibus¹
1158 1564 1365 1682 corporis,
1402 1564 1470 1655 uti
1498 1562 1704 1663 moribus,
1745 1560 1845 1649 loco
1871 1590 1943 1646 m·

251 1719 330 1807 tali
358 1741 404 1803 et
429 1716 629 1803 indicatis
657 1715 969 1803 characteribus
1005 1718 1195 1834 corporis
1233 1718 1400 1802 diversa
1441 1713 1548 1805 haec
1589 1714 1753 1833 species
1795 1711 1943 1799 suine

250 1871 365 1958 Sinis
400 1869 656 1955 intemerata
695 1870 742 1953 in
784 1869 981 1955 Sibiriam
1022 1869 1235 1986 pervenit,
1279 1868 1354 1954 ubi
1394 1900 1506 1954 nunc
1540 1900 1639 1956 cum
1674 1863 1844 1983 wlgari
1872 1892 1945 1951 aua

250 2025 364 2111 laete
385 2045 657 2139 propagatur.
727 2026 778 2105 In
823 2021 972 2109 Rossia
1002 2021 1139 2108 adhue
1168 2050 1260 2106 raro
1288 2019 1464 2125 colitur,
1506 2020 1784 2137 praeferenda
1809 2009 1945 2103 omni·

250 2177 329 2264 bus
354 2174 562 2282 numeris,
590 2174 839 2292 praesertim
860 2204 992 2259 carne
1019 2174 1255 2290 sapidiora,
1290 2196 1335 2259 et
1361 2175 1476 2289 quod
1495 2167 1848 2261 [neandrum

851 2636 1350 2744 ornovr

627 2834 1576 2999 BELLUA'E.

391 3185 480 3271 Sub
504 3185 742 3269 Belluontm
767 3180 917 3268 ordine
945 3182 1057 3270 mihi
1083 3206 1248 3269 tantum
1279 3186 1369 3270 duo
1402 3181 1591 3271 militant
1630 3212 1808 3301 genera,
1834 3214 1939 3305 ‘pau

253 3337 317 3427 cia
345 3336 586 3453 speciebus,
616 3336 728 3423 inter
755 3334 1068 3452 quadrupedia,
1108 3359 1274 3452 praeter
1301 3337 1428 3442 Ceto,
1471 3335 1669 3423 maximis
1695 3338 1939 3457 composita.

252 3494 495 3606 Elephantis
535 3486 702 3573 scilicet
742 3509 786 3571 et
825 3489 1029 3574 Rosmori.
1099 3487 1372 3575 Conveniunt
1398 3485 1507 3577 haec
1535 3487 1739 3577 animalia
1767 3492 1943 3579 dentium

252 3641 486 3758 primorum
527 3641 729 3739 delectu,
771 3646 928 3725 caninis
967 3660 1132 3724 tantum
1176 3666 1200 3723 e
1241 3640 1455 3756 superiore
1497 3641 1675 3729 maxilla
1714 3640 1937 3759 protensis,

252 3791 468 3895 eburneis,
510 3793 734 3877 molaribus
773 3788 939 3906 paucis;
978 3799 1169 3880 mammis
1207 3792 1492 3909 pectoralibus
1531 3796 1609 3880 sub
1650 3794 1801 3899 armis,
1844 3801 1937 3909 (quo

248 3940 500 4060 ‚praesertim
528 3946 581 4027 ab
609 3942 978 4058 Anomalopedum
1006 3941 1154 4030 ordine
1182 3942 1465 4060 discrepant,)
1492 3947 1644 4061 pedum
1670 3944 1822 4061 digitis
1848 3973 1935 4031 coa·

252 4092 364 4179 natis
390 4093 437 4179 in
472 4092 700 4181 informem
739 4094 930 4210 plantam
969 4116 1014 4180 et
1053 4090 1305 4211 quibusdam
1342 4094 1593 4184 anatomicis
1629 4097 1933 4185 interaneonm

255 4245 510 4354 momentis,
559 4245 694 4333 Nolui
734 4276 786 4333 es
826 4270 1001 4364 propter
1047 4276 1146 4335 curu
1185 4244 1456 4369 praecedenti
1498 4247 1650 4337 ordine
1691 4257 1930 4365 conjungere

255 4425 440 4513 quocum
480 4399 554 4487 vix
595 4397 826 4517 quidquam
843 4395 908 4486 iis
933 4429 1173 4493 commune.
1237 4400 1423 4491 Unicum
1455 4399 1504 4491 in
1529 4408 1673 4493 Fauno
1699 4424 1843 4493 nostra
1866 4397 1927 4487 ho

252 4552 320 4662 jus
347 4551 508 4643 ordinis
535 4551 716 4643 animal:

966 4834 1279 4870 m
