4410 5910
879 337 1028 391 ΕΞ
1707 349 1790 430 331

215 530 359 622 Rossis
388 526 698 621 australioribus
725 534 941 634 natabam
986 537 1032 623 in
1075 531 1230 626 Sibiria
1273 541 1502 632 Shaebeta
1559 545 1798 638 Calmuccit

270 693 436 801 Itelgoc
493 682 656 771 Tataris
685 688 972 779 Crimensibus
998 714 1046 774 et
1071 693 1248 806 Nogajis
1279 696 1473 781 Turbata.

240 844 320 925 Per
356 841 552 923 universa
581 841 776 940 ‚ratariae
812 871 987 957 magnae
1016 845 1180 929 deserta
1209 845 1296 928 avis
1335 847 1689 960 frequentissima.
1746 862 1795 940 In

104 991 373 1094 australibus,
404 988 576 1104 apricis,
594 993 661 1075 ad
689 994 897 1110 margines
926 995 1201 1107 sylvulamm,
1232 1003 1462 1085 secundum
1481 1000 1595 1116 ripas
1616 1003 1792 1117 Volgae,

102 1143 294 1260 Rhymni
323 1165 367 1227 et
396 1143 492 1226 Irtis
519 1141 763 1244 fluviorum,
806 1147 952 1231 crebro
991 1145 1037 1230 in
1067 1147 1302 1252 arboribus,
1344 1150 1477 1235 immo
1504 1151 1552 1235 in
1579 1154 1693 1239 nudo
1723 1157 1792 1239 de·

101 1319 217 1384 serto
242 1325 365 1410 saepe
393 1290 622 1378 humiliora
647 1326 772 1410 supra
798 1300 965 1383 arbusta
992 1301 1135 1386 aidum
1163 1301 1331 1399 condit,
1374 1333 1500 1416 quem
1526 1271 1635 1417 'post
1676 1301 1790 1388 incu-

98 1447 316 1536 bationem
339 1445 523 1531 foemina
544 1446 745 1532 continuo
766 1450 853 1533 fere
873 1479 969 1533 cum
987 1437 1173 1536 clamore
1195 1452 1397 1555 custodit,
1429 1480 1565 1567 eoque
1590 1482 1634 1537 se
1655 1454 1792 1570 ipsam

99 1601 256 1719 prodit
312 1601 422 1684 Pulli
451 1600 534 1681 duo
578 1599 647 1682 vel
688 1621 791 1700 tres,
834 1598 880 1682 in
922 1601 1132 1715 plerisque
1175 1602 1306 1705 nidis,
1352 1634 1439 1686 mas
1480 1635 1578 1689 cum
1617 1606 1792 1691 femella

99 1736 338 1838 nascunturr'
394 1746 575 1835 Perfecti
604 1750 786 1834 evolant'
801 1779 825 1832 e
839 1786 847 1814 ··
861 1750 973 1835 nidis
1011 1753 1264 1868 plerumque
1305 1752 1419 1866 prius
1461 1786 1587 1869 quam
1627 1754 1804 1840 volatui-

99 1904 325 2005 sufficiant,
369 1903 489 2026 unde»
523 1897 658 2014 inepti
700 1900 828 1987 facile
855 1903 1097 2020 capiuntur3
1141 1926 1354 1989 sectantur
1394 1903 1550 2018 ubique
1596 1929 1785 2009 matrem,

98 2052 419 2151 clamosissimi,
458 2053 702 2154 mordaces,
744 2026 935 2168 malique'
973 2055 1114 2141 moris.
1185 2056 1453 2141 Institutione
1495 2055 1787 2157 nobilitantur,

97 2206 375 2318 maximoque
395 2203 441 2288 in
469 2201 638 2292 deliciis
656 2225 760 2291 ,sunt
789 2204 1055 2304 Calmuccis,
1096 2210 1209 2321 apud
1236 2237 1339 2320 quos
1367 2206 1414 2290 in
1440 2209 1610 2292 deserto
1639 2210 1786 2293 crebro

96 2381 335 2445 nascuntur.
392 2355 499 2441 Avis
526 2353 712 2441 minoris!
727 2355 872 2459 molis,
903 2362 976 2444 sed
1005 2359 1211 2461 animosa,
1240 2388 1350 2472 quae
1381 2381 1525 2443 anates
1553 2358 1641 2442 imo
1674 2388 1789 2444 ansc-

95 2540 163 2596 rea
192 2507 375 2613 dejicere
404 2538 488 2591 non
524 2529 722 2592 recuset.r
771 2515 908 2617 Major
947 2509 1148 2612 varietas,
1188 2540 1318 2625 quam
1359 2512 1529 2595 Sacrum
1567 2533 1787 2595 auctorum

92 2676 220 2777 puto,
250 2659 296 2743 in
325 2657 533 2744 montanis
560 2659 775 2744 Uralensis
803 2660 891 2773 jugi
918 2661 1120 2765 nascitur,
1161 2659 1356 2775 interque
1385 2660 1550 2783 nobiles
1579 2662 1783 2746 Falcones

94 2809 290 2898 habetur.
358 2812 501 2931 Ambo
537 2808 713 2924 hyemes
750 2835 909 2895 nostras
938 2812 1178 2926 fugiuntet
1205 2843 1345 2899 versus
1372 2838 1558 2898 austrum
1586 2812 1781 2925 migrant.

233 2966 432 3047 Descrs
464 2957 652 3046 Minores
679 2968 728 3047 F.
758 2963 1024 3077 peregrinum
1067 2985 1258 3076 aequant.
1327 2968 1517 3048 Rostrum
1542 2968 1632 3048 basi
1660 2962 1781 3077 palli·

95 3102 154 3201 do
173 3166 188 3181 ·
207 3113 414 3218 lividum,
456 3111 629 3199 maxilla
667 3112 867 3199 inferiore
909 3113 1032 3230 apice
1072 3124 1263 3198 truncata
1301 3136 1347 3196 et
1385 3113 1579 3227 utrinque
1622 3111 1778 3197 excisa.

95 3265 259 3383 Lingua
287 3263 558 3380 emarginata.
617 3267 721 3348 Cera
749 3288 920 3377 angusta
948 3265 1101 3367 livida,
1132 3263 1319 3378 margine
1346 3262 1526 3349 subinde
1547 3264 1777 3366 virescens3

95 3453 215 3507 nores
240 3419 429 3541 patulae,
470 3415 627 3530 papilla
666 3416 846 3504 centrali
878 3415 1015 3502 molli.
1070 3416 1295 3529 Palpebrae
1320 3415 1613 3521 nudiusculae,
1656 3415 1778 3500 lives-

95 3598 259 3673 centem
288 3569 589 3656 itidas'siuscae.
631 3569 873 3680 Superct'lr'a
899 3569 1122 3682 plumosa..
1166 3569 1304 3683 Caput
1331 3591 1574 3684 camparte
1603 3565 1779 3653 cervicis

95 3725 305 3825 albidum,
355 3718 494 3805 lituris
535 3717 910 3832 longitudinalibus
954 3718 1099 3819 suscis;
1141 3722 1256 3804 frons
1279 3743 1328 3805 et
1355 3719 1580 3836 supercilia
1608 3723 1695 3805 fere
1723 3719 1780 3804 al·
1885 3806 1892 3819 ,

91 3856 361 3963 benificus
382 3872 490 3956 alba.
547 3873 727 3959 Dorsum
753 3885 890 3956 totum
914 3870 1227 3984 linco-''digmm
1239 3877 1260 3971 ,'
1291 3869 1442 3958 limbis
1463 3871 1778 3957 latescentibus.

92 4029 246 4115 Subura
272 4024 362 4115 avis
389 4021 569 4139 pallida,
598 4022 773 4107 maculis
799 4022 1175 4135 longitudinalibus
1203 4023 1301 4108 latis
1329 4025 1517 4108 obsoleta
1546 4022 1690 4136 nigris,
1718 4021 1780 4105 ita

92 4181 263 4296 utplus
290 4196 415 4291 saepe
444 4172 575 4287 nigri,
613 4184 741 4284 'quain
779 4172 932 4289 pallidi
960 4182 1179 4290 appaream
1238 4178 1423 4260 &mcum
1448 4172 1780 4272 immaculatum,

93 4331 226 4417 rarius
254 4326 483 4415 rhachibus
511 4323 649 4408 luscis.
706 4329 895 4438 Remigrat
917 4325 1098 4439 nigrae,
1116 4324 1292 4411 interius
1320 4347 1434 4409 totae
1455 4325 1630 4410 maculis
1651 4346 1778 4408 trans·

92 4481 226 4569 versis
254 4478 446 4593 magnis,
483 4457 603 4563 albis
630 4476 698 4560 vel
732 4476 1034 4563 lutcsce‘ntibus
1072 4484 1256 4560 notatas}
1328 4477 1530 4561 Tectrices
1569 4478 1778 4561 subalares

93 4634 432 4747 nigro-alboque
473 4627 626 4717 variae.
668 4613 691 4714 *i
703 4629 852 4716 cauda
893 4627 1177 4742 subaequalis3
1218 4636 1406 4712 rectrices
1434 4626 1611 4740 nigrae,
1655 4622 1790 4739 spicer

96 4788 405 4887 subtcstaceae,
435 4805 481 4870 at
506 4780 704 4895 utrinque
731 4780 1075 4901 memoralibus,
1110 4777 1383 4866 subtestacais
1409 4779 1666 4879 maculatae,
1707 4807 1788 4891 etr-¹

1386 4938 1412 4987 4
