4410 5910
891 433 1039 487 ιιι·
1748 439 1816 528 -19ἰ

348 628 458 715 Felis
486 629 654 734 Pardus,
684 633 774 716 Lin.
802 622 973 748 system.
1001 633 1098 717 XII.
1125 638 1160 719 I.
1190 669 1231 752 p.
1264 634 1329 724 or.
1357 669 1418 753 sp.
1448 656 1487 729 3.
1561 656 1564 660 ’

334 837 570 969 ,Ραῃῖὴεῐεὴ
607 840 773 950 Buffon.
803 848 896 929 hist.
922 846 998 926 IX.
1033 860 1174 962 patr.
1210 847 1275 930 ed.
1311 855 1409 931 min.
1444 851 1600 932 XVIII.
1637 860 1677 964 ῤ.
1716 871 1809 956 242.

400 993 485 1077 tab.
521 1027 583 1076 11.
620 1026 680 1076 12.
737 995 920 1081 Pennant
947 1026 1041 1110 syn.
1070 1031 1110 1112 p.
1148 1030 1235 1108 170.
1266 1031 1309 1082 n·
1347 1033 1434 1083 122.
1470 1003 1661 1090 Schreber
1683 1035 1807 1089 mam.

396 1148 472 1226 III.
503 1175 543 1258 p.
573 1155 667 1247 364.
696 1147 781 1229 tab.
810 1181 876 1253 99.

342 1355 497 1468 Paleng
525 1387 557 1439 s.
588 1357 838 1466 [copardus
868 1358 1089 1471 Kaempfer
1115 1352 1272 1443 amoen.
1300 1389 1340 1470 p.
1369 1377 1463 1463 410.

421 1562 564 1648 Rossis
594 1566 647 1646 ad
676 1566 908 1650 Caucasum
934 1568 1054 1649 Burs.

420 1712 583 1799 Tataris
610 1719 791 1831 Kopion.

297 1957 299 1961 .
419 1867 665 1981 Georgianis
703 1869 882 1980 Wepchi.

252 2074 391 2157 Pelles
420 2073 555 2158 varias
583 2104 607 2159 e
635 2072 983 2159 meridionalibus
1013 2073 1191 2159 Caucasi
1221 2078 1378 2158 adlatas
1409 2075 1511 2178 vidi,
1541 2098 1584 2160 et
1601 2082 1604 2087 ’
1619 2108 1800 2190 praeser-
1947 2166 1950 2171 ,

112 2229 192 2312 tim
220 2225 268 2309 in
296 2223 511 2329 Armenia,
541 2223 653 2313 circa
683 2232 745 2311 M.
775 2231 926 2309 Ararat
952 2230 1085 2330 datur,
1110 2228 1357 2310 observante
1384 2229 1470 2313 cel.
1495 2230 1799 2314 Guldenstaedt.

111 2377 257 2462 Etiam
283 2374 329 2459 in
357 2373 487 2489 sylvis
522 2375 675 2461 summi
705 2375 796 2498 jugi
833 2375 1052 2464 Caucasici
1087 2375 1334 2490 aliquando,
1372 2379 1446 2463 sed
1481 2378 1799 2492 infrequentior,

113 2526 336 2629 occiditur,
365 2526 497 2614 immo
525 2527 573 2614 in
600 2528 891 2614 Promontoria
913 2527 1259 2643 septentrionalia
1281 2558 1501 2615 excurrere
1524 2533 1668 2614 fertur.
1703 2536 1800 2614 Fre·

112 2676 310 2796 quentius
348 2676 520 2767 infestat
561 2677 748 2771 Persiam
789 2702 833 2764 et
866 2678 1050 2771 occurrit
1083 2678 1130 2764 in
1164 2678 1366 2765 montosis
1406 2679 1654 2767 australibus
1687 2679 1799 2765 circa

111 2832 252 2917 lacum
289 2829 405 2915 Aral.
468 2835 518 2918 In
552 2828 802 2918 orientalem
828 2828 975 2917 Asiam
1001 2827 1077 2915 vix
1104 2853 1278 2944 evagata
1306 2854 1389 2938 est,
1429 2830 1678 2946 videturque
1714 2828 1798 2945 pri·

112 2980 309 3067 mitivam
335 3008 557 3096 agnoscere
583 2981 764 3098 patriam
790 2979 993 3066 Africam.
1050 2980 1237 3066 Pretium
1263 2981 1389 3098 pellis
1420 2980 1653 3068 Kislari·1o
1677 2983 1731 3068 ad
1751 3012 1797 3068 ra

114 3133 361 3237 Rublorum,
390 3129 437 3216 irr
470 3132 655 3253 Georgia
685 3133 737 3217 ad
769 3165 834 3218 aa.
891 3129 1188 3255 Magnitudine
1223 3155 1363 3218 autem
1389 3132 1567 3220 variant.

248 3353 293 3436 N
300 3372 365 3438 ot.
420 3351 527 3438 Vidi
552 3353 687 3470 pelles
715 3304 1058 3466 quadrupedales,
1088 3352 1222 3441 cauda
1246 3349 1440 3468 bipedali
1473 3381 1571 3436 cum
1608 3386 1633 3460 7
1670 3348 1795 3466 polli-

119 3501 232 3588 cibus
259 3502 508 3604 instructam
536 3503 664 3594 aliam
691 3499 956 3629 longitudine
984 3515 1007 3590 5
1037 3501 1136 3620 ped.
1165 3501 1322 3621 6'poll.
1351 3532 1449 3589 cum
1477 3504 1609 3590 cauda
1637 3517 1662 3592 3
1697 3502 1796 3618 ped.

124 3666 145 3737 3
173 3653 391 3770 pollicum.
498 3730 500 3736 s

616 3938 667 4045 4.
755 3924 992 4017 FELIS
1039 3922 1298 4039 iubata.

248 4171 296 4256 F.
325 4173 458 4255 cauda
487 4170 695 4283 elongata,
726 4169 852 4255 crista
876 4168 1015 4285 pilosa
1042 4166 1219 4256 cervicis
1245 4163 1567 4284 longitudinali,
1609 4158 1795 4280 corporis

131 4315 288 4404 maculis
315 4310 778 4436 ubique'simplicibus,
807 4319 978 4407 crebris.

332 4532 541 4648 Guepard,
570 4533 725 4643 Buffon
753 4535 848 4617 lust.
874 4532 992 4615 XIII.
1021 4563 1063 4647 p.
1091 4551 1185 4644 249.
1213 4539 1278 4626 ed.
1305 4539 1401 4622 min·
1437 4531 1613 4616 XXVII.
1649 4558 1691 4642 p.
1729 4535 1797 4615 35.

384 4669 663 4799 811ρρὶεηι.’ρ.
693 4697 786 4770 aro.
814 4683 900 4767 tab.
930 4696 996 4771 38.

334 4887 446 4976 Felis
471 4889 629 5004 jubata,
664 4889 858 4983 Schrebcr
882 4920 1008 4983 mans.
1034 4894 1091 4977 11.
1118 4923 1159 5007 p.
1193 4904 1283 4979 105.
