4410 5910
1035 368 1181 437 =
1869 334 1948 463 r91

435 581 633 701 Uldy'ugd,
664 580 827 701 Uljulri,
859 576 913 666 ad
939 578 1336 668 Baicalem'Dekeli
1350 601 1394 666 et
1412 580 1582 679 Umtllri3
1613 578 1799 665 Lamotis
1816 562 1954 667 Umlri.

429 734 739 851 Permiensibus
764 737 967 846 Kysnyr:
1000 731 1183 819 Siraenis
1216 733 1318 853 Par,-
1352 734 1544 819 Votiacis
1579 737 1733 847 Γῃῐὸής
1753 760 1755 765 ·
1773 735 1952 847 Vogulis

428 889 656 983 Bobontok
683 885 867 973 Ostiaeis
881 885 1120 973 Obensibus
1138 886 1458 999 Toum-layna,
1489 888 1560 971 vel
1574 884 1951 1000 Tochlyng·Langi

430 1041 582 1149 (alatus
618 1037 838 1151 Sciurus),
888 1037 1059 1124 Estellis
1093 1042 1191 1122 lmit
1207 1089 1221 1101 ·
1236 1041 1397 1138 Lanki,
1438 1042 1492 1124 ad
1528 1038 1635 1125 Irtin
1662 1015 1753 1124 'Iwe
1770 1089 1784 1103 -
1800 1042 1952 1136 Lauini,

428 1194 491 1278 ad'
511 1197 664 1306 Surgut
691 1199 1005 1305 Puden-longi,
1048 1191 1101 1275 ad
1128 1195 1292 1306 Narym
1319 1212 1364 1275 et
1391 1199 1473 1276 Ket
1499 1195 1540 1277 fl.
1569 1194 1710 1278 Pde'se.
1768 1195 1949 1302 Samoje·

427 1342 493 1428 dis
526 1346 788 1429 Tine-Tere
818 1347 971 1455 (alatus
1006 1340 1208 1455 Sciurus).
1244 1345 1415 1464 Py'aeym
1459 1341 1773 1437 Camaschinzis
1800 1345 1954 1430 uaeas.

427 1496 645 1612 Tangutis'.¹
658 1500 969 1584 Bachamabshi.
1365 1478 1368 1483 .

397 1647 770 1767 Elegantissimum
805 1649 1105 1735 animalculum
1142 1646 1191 1734 in
1225 1647 1356 1764 sylvis
1402 1647 1654 1765 Lithuaniae
1664 1713 1678 1752 ,
1733 1650 1952 1757 Lironiae,

254 1800 528 1904 Pannoniae,
575 1799 752 1887 Rosciae
792 1797 924 1886 hodie
960 1799 1238 1906 rarissimum,
1278 1803 1474 1919 hequens
1508 1803 1554 1888 in
1590 1805 1790 1890 betuletis
1818 1827 1862 1889 et
1888 1804 1951 1920 pi7

255 1954 456 2041 nastretis
482 1952 690 2039 montium
717 1952 985 2039 Uralensinm
1021 1976 1066 2038 et
1091 1952 1224 2039 totius
1251 1954 1457 2060 Sibiriae,
1489 1958 1712 2044 deficiente
1742 1989 1844 2043 vero
1871 1957 1950 2074 syl·

256 2137 313 2192 va
339 2111 502 2191 Lenam
538 2105 613 2191 vix
649 2104 865 2210 excessit,
894 2110 1010 2192 unde
1044 2107 1091 2191 in
1127 2106 1373 2192 Americarn
1399 2106 1699 2225 haecspecies
1737 2109 1950 2196 transiisse
2086 2154 2088 2158 v

256 2231 355 2348 non.
371 2257 530 2374 potuit:
559 2265 654 2344 Nec
683 2260 784 2347 ideo
812 2264 935 2348 datur
959 2261 1006 2346 in
1034 2257 1159 2345 terris
1188 2261 1466 2361 ‘subarcticis,
1505 2263 1609 2350 licet
1636 2262 1791 2378 frigora
1818 2285 1864 2348 et
1890 2294 1950 2347 as·

255 2441 360 2530 pera
387 2412 483 2496 loca
508 2442 594 2497 non
623 2413 892 2519 reformidet,
934 2436 1107 2529 totaque
1133 2409 1291 2527 hyeme
1318 2438 1503 2528 uagatur.
1571 2417 1780 2532 Nuspiam
1808 2414 1950 2530 copio-

256 2564 416 2650 siorem
443 2565 684 2671 observavi,
728 2566 854 2683 quam
887 2566 935 2651 in
975 2563 1135 2682 campis
1161 2567 1308 2652 betula
1335 2566 1491 2683 passim
1517 2568 1710 2671 consitis,
1754 2566 1948 2653 Isetensi·

255 2719 358 2820 bus,
385 2717 691 2804 Barabensibus
719 2743 766 2805 et
791 2722 845 2804 ad
870 2718 1095 2805 leniseam.
1153 2720 1349 2804 Betuleta
1375 2719 1625 2837 praesertim
1645 2718 1801 2807 rariora
1822 2741 1949 2819 amat,

256 2892 304 2955 et
329 2868 435 2956 lulis
463 2875 554 2982 ejus
580 2871 738 2957 arboris
766 2869 1086 2988 hyemantibus,
1114 2892 1163 2955 ut
1188 2893 1233 2955 et
1259 2871 1354 2957 Pini
1381 2854 1617 2960 turionibus
1644 2872 1847 2993 pascitur,
1874 2904 1949 2956 un·

257 3024 315 3109 de
342 3043 614 3108 excrementa
647 3026 754 3110 flava
791 3046 836 3108 et
869 3021 1079 3141 resinosa,
1119 3025 1178 3109 ad*
1206 3026 1427 3110 candelam
1454 3024 1586 3110 instar
1613 3025 1774 3110 resinae
1804 3055 1948 3110 accen·

256 3177 427 3261 duntur.
484 3175 720 3261 Nidulatur
740 3174 788 3259 in
816 3175 933 3261 cavis
960 3178 1176 3279 arborum,
1213 3175 1317 3263 nido
1344 3207 1370 3260 e
1397 3157 1589 3263 collectis
1616 3177 1782 3289 muscis.
1839 3187 1947 3262 Mor·

256 3328 457 3415 duculum
486 3327 643 3413 animal
670 3326 784 3414 vitae
812 3333 958 3411 tamen
986 3349 1050 3411 est
1076 3327 1351 3432 tenerrimae,
1389 3352 1640 3445 captumque
1677 3329 1946 3423 levissimae

255 3510 402 3582 causa,
432 3480 680 3597 praesertim
706 3478 947 3595 angustiore
975 3508 1166 3578 carcere,
1198 3479 1387 3597 moritur.
1447 3482 1637 3566 Interdiu
1665 3511 1831 3598 semper
1858 3484 1947 3568 fere
2053 3511 2057 3519 ·

255 3632 438 3732 dormit,
466 3636 781 3749 conglobatum,
812 3631 1116 3718 circumvoluta
1146 3633 1257 3716 circa
1284 3637 1512 3734 secanda,
1545 3658 1604 3745 ut·
1620 3634 1793 3748 Myoxi3
1821 3659 1948 3721 noctu

255 3759 445 3898 uagatur.
515 3790 673 3872 Sedent
719 3809 765 3870 et
799 3784 1003 3869 incedunt
1038 3806 1209 3870 curvato
1245 3807 1395 3874 trunco
1436 3811 1481 3872 et
1516 3791 1674 3872 reflexa
1701 3787 1947 3873 circinnata·

255 3967 341 4053 que
370 3936 532 4024 circum
557 3942 701 4026 clunes
731 3938 886 4038 cauda,
915 3936 984 4020 vel
1014 3937 1164 4021 eadem
1190 3939 1316 4023 dorso
1342 3939 1573 4053 adplicata,
1611 3964 1659 4026 ut
1688 3940 1838 4024 Sciuri.
1939 3996 1946 4013 ,

365 4092 410 4176 N
415 4110 516 4176 oto.
573 4094 615 4176 V
610 4105 822 4179 oneratam
848 4110 984 4174 totam
1011 4087 1398 4175 niveo-candidam
1427 4095 1481 4177 ad
1503 4099 1662 4177 Lenam
1691 4050 1891 4174 obtinuit*
1903 4115 1947 4179 et

251 4241 418 4360 pellem
432 4242 544 4328 mihi
565 4247 720 4331 adtulit
742 4241 972 4355 Chirurgus
999 4242 1060 4322 Μ.
1089 4243 1281 4344 Rebelt,
1321 4263 1435 4352 ¹794·
1464 4247 1694 4340 Glandulos
1720 4240 1946 4325 animalcu-

253 4392 346 4479 lum
368 4426 560 4511 magnas,
595 4395 748 4512 thymo
778 4395 991 4507 analogas,
1023 4393 1299 4478 subaxillares
1321 4418 1365 4480 et
1387 4398 1549 4509 gulares
1572 4394 1720 4496 habet,
1753 4391 1945 4508 qualibus

250 4553 510 4663 Arctomyes
547 4572 593 4636 et
627 4549 802 4665 Myoxi,
838 4545 996 4662 hyeme
1034 4545 1185 4665 sopiti,
1223 4547 1500 4654 instruuntur;
1546 4579 1654 4665 quae
1690 4545 1823 4637 etiam
1855 4541 1943 4630 Eri·

249 4699 398 4787 naceis
424 4729 512 4789 non
539 4705 704 4791 desunt.

946 4922 1265 4957 ιιι-...μιαρ-
