4410 5910
995 301 1181 408 ἐκ
1693 304 1697 310 '
1851 283 1941 441 aar

474 541 756 642 li'Emerillon
784 555 950 668 Buffon·
980 560 1126 643 anuh.
1153 558 1188 642 1.
1217 587 1260 670 p.
1291 565 1384 650 add.
1413 557 1549 662 tab.9
1592 560 1787 673 1111111111
1813 559 1941 648 D'att·
1996 567 1999 576 ’

524 710 633 794 bant.
664 702 771 794 ίοοη.Ι
798 717 876 795 ool.
906 741 946 792 n.
977 722 1072 812 468.
1109 711 1299 794 barbam.
1328 739 1423 821 syn.
1455 712 1491 791 1.
1521 740 1562 824 p.
1599 743 1688 814 109.
1716 744 1759 796 11.
1788 726 1856 819 93.

469 860 599 945 Falco
627 863 792 975 regulus
818 864 925 947 Poll.
952 871 1040 946 itin.
1068 865 1124 947 Π.
1151 860 1328 976 append.
1363 895 1406 978 p.
1434 895 1529 975 7⁰7·
1564 893 1606 946 n.
1639 875 1702 949 13.
1747 868 1939 953 Lanam.

525 1041 619 1124 syn.
647 1015 682 1096 1.
711 1047 752 1129 p.
787 1029 874 1101 113.
904 1045 943 1098 η.
974 1028 1041 1123 98.
1761 1119 1763 1126 ᾗ

360 1162 536 1249 Rossice
562 1167 745 1251 Derbnib
773 1166 843 1250 vel
869 1168 1166 1252 Derbnitscbob
1203 1163 1530 1278 (diminutive).
1592 1166 1940 1256 Astrachanensi·

416 1315 495 1400 bus
525 1318 699 1404 Tumib?
726 1317 965 1405 Calmuccis
992 1321 1135 1433 Kirgit.

386 1471 437 1549 ln
465 1469 833 1586 temperatioribus
862 1468 1036 1555 Rosciae
1066 1493 1189 1586 atque
1216 1468 1427 1556 citerioris
1454 1467 1658 1570 Sibiriae,
1693 1468 1768 1558 hic
1795 1495 1939 1559 tamen

248 1617 403 1722 rarius,
447 1619 701 1706 observatur.
769 1629 959 1707 Venatur
991 1624 1197 1727 Alaudas,
1240 1622 1427 1738 aliasque
1455 1644 1712 1737 campestres
1741 1623 1941 1731 aviculas,

250 1751 440 1861 animosa
468 1801 545 1885 pro
574 1802 644 1854 sua
678 1773 791 1856 mole
819 1773 926 1859 avis.
982 1772 1092 1859 Huic
1121 1774 1433 1878 celebritatem,
1463 1774 1500 1858 si
1526 1774 1628 1872 ulli,
1657 1774 1797 1880 dabit,
1824 1780 1943 1892 quod

249 1930 562 2010 immortalia
590 1927 898 2011 Cutherinne
926 1930 1013 2010 Hae.
1043 1928 1096 2010 ad
1123 1926 1392 2012 venationem
1415 1925 1462 2010 in
1490 1924 1664 2011 deliciis
1685 1927 1780 2012 fuit.
1825 1934 1941 2042 Quo·
2088 2045 2092 2051 .

247 2072 390 2160 tannis
416 2096 562 2188 captos
590 2079 714 2161 etad
743 2078 968 2193 aucupium
994 2077 1236 2180 instructas,
1281 2100 1376 2193 post
1403 2076 1565 2162 finitam
1595 2100 1796 2164 autumno
1824 2077 1941 2164 amni

245 2223 540 2329 «renationem,
571 2226 769 2313 libertate
799 2231 974 2334 donare,
1005 2260 1096 2314 mos
1124 2252 1213 2313 erat
1254 2237 1588 2326 clementissime
1614 2232 1657 2314 A
1665 2253 1900 2345 ugustae.
2034 2272 2063 2331 ,-

397 2380 568 2463 Descr.
637 2379 810 2495 Species
850 2414 874 2479 1
913 2375 1263 2498 praecedentibus
1302 2378 1498 2469 omnibus
1536 2380 1858 2468 distinctissime
1895 2405 1943 2470 et
2053 2365 2062 2375 ’

250 2559 351 2618 cum
378 2531 589 2647 Accipitre
616 2533 720 2618 Nim
751 2563 875 2649 saepe
904 2535 1095 2637 confusa,
1137 2532 1297 2648 quippe
1337 2561 1446 2646 quae
1486 2562 1587 2617 rere
1626 2535 1773 2619 colore
1813 2538 1944 2620 refert

247 2685 397 2770 Nisum
435 2683 667 2768 masculum
704 2684 932 2790 minorem,
974 2688 1049 2776 sed
1090 2688 1224 2774 forma
1264 2683 1390 2772 rostri
1429 2682 1640 2769 bidentali
1680 2709 1724 2770 et
1764 2685 1941 2801 reliquis

207 2818 216 2831 ’
249 2838 484 2922 Falconum
508 2834 822 2923 characteribus
850 2869 940 2923 sese
969 2836 1275 2952 distinguit—
1299 2841 1408 2922 Cera
1433 2836 1669 2922 virescente
1696 2841 1824 2937 flava3
1852 2846 1942 2955 pd-

249 2989 420 3108 pebrae,
443 2986 512 3073 uti
538 3011 584 3073 et
609 2991 734 3104 pedes
760 2989 1001 3075 flavissima.
1057 2991 1187 3073 Irides
1215 2991 1629 3074 fusco-latescentes.
1685 2991 1849 3103 Corpus
1876 3021 1941 3075 su·

249 3172 328 3257 pra
356 3141 541 3245 fuscum,
570 3140 711 3256 capite
740 3141 1028 3258 uropygioque
1056 3138 1191 3254 magis
1217 3159 1346 3238 cano,
1387 3135 1617 3221 rhachibus
1643 3137 1784 3222 fuscis.
1840 3139 1941 3223 Sub·

248 3315 317 3380 tus
351 3291 554 3408 pallidus,
596 3277 964 3407 longitudinaliter
1003 3291 1238 3408 variegatus
1277 3288 1416 3376 lituris
1456 3291 1573 3373 fusco
1589 3339 1603 3354 ·
1619 3288 1938 3408 rufescentibus.

250 3445 401 3534 cauda
428 3443 696 3529 transversim
724 3444 909 3530 fasciata.
964 3446 1129 3531 Pondus
1155 3441 1350 3530 masculis
1378 3439 1598 3526 unciarum
1624 3439 1794 3526 circiter
1821 3471 1911 3526 sex.

389 3598 432 3679 N
439 3616 539 3680 ota.
594 3599 623 3681 S
631 3604 844 3682 tellerus
871 3596 918 3681 in
946 3605 1154 3683 itinerario
1180 3625 1321 3680 versus
1349 3591 1592 3677 Americam
1613 3592 1806 3708 prodidit
1830 3594 1941 3680 insu·

249 3749 371 3835 lunos
398 3748 451 3831 ad
476 3775 630 3831 navem
658 3749 965 3864 adremigantes
992 3749 1040 3834 in
1072 3747 1245 3862 'signum
1279 3745 1414 3863 pacis,
1456 3745 1567 3830 alam
1602 3745 1779 3832 falconis
1815 3748 1941 3832 cadu-

250 3929 330 3987 ceo
359 3898 577 4013 alligatam
603 3901 870 4018 praetulisse,
913 3930 1066 4016 easque
1105 3902 1190 3985 alas
1216 3897 1422 3985 describit
1449 3897 1742 4013 magnitudine
1782 3900 1942 3983 colum·

249 4053 400 4156 binae,
429 4051 589 4166 nigras,
616 4052 791 4139 maeuiis
820 4052 1086 4139 subrotundis
1115 4053 1222 4139 albis
1250 4072 1294 4138 et
1321 4049 1639 4136 rufescentibus.
1697 4046 1941 4164 Specimins

249 4203 479 4292 notioribus
507 4237 531 4290 a
558 4205 870 4321 navigatoribus
897 4237 983 4292 non
1013 4208 1151 4291 adlata
1186 4227 1296 4290 suut.

705 4371 1483 4592 niuouttnu

391 4639 591 4728 Volatilis
618 4642 787 4744 turbae,
816 4639 905 4725 imo
933 4663 978 4726 et
1005 4626 1324 4756 quadrupedum
1351 4631 1543 4754 tyranni,
1573 4664 1597 4718 a
1623 4625 1877 4721 Falconibus
1898 4654 1944 4719 et

252 4794 433 4913 reliquis
462 4794 679 4910 rapacibus
707 4817 796 4907 tam
822 4794 1127 4914 magrdtuds'ne,
1169 4824 1294 4923 quam
1322 4792 1458 4881 forma
1493 4787 1701 4908 pecudiati
1738 4796 1862 4875 rostri
1901 4807 1947 4873 et

1470 4959 1524 5054 43
