4410 5910
975 445 992 501 ¹.
1049 396 1198 459 Μ
1872 408 1968 497 ²57

273 585 383 685 biles
410 591 952 710 Galmuccisrpmceriores
987 619 1035 684 et
1060 600 1383 716 praestantiores
1411 598 1784 716 Kirgiso·Tatari';
1820 606 1963 696 ritino

269 779 358 851 res,
387 749 466 835 sed
490 734 683 834 'robustos
710 771 755 833 et
781 751 918 835 bonae
952 748 1111 837 indolis
1139 750 1361 839 Baschlriri
1387 754 1635 856 uralitolae;
1673 757 1774 843 dein
1801 759 1960 849 sensim

267 905 324 987 ad
363 900 580 991 orientem
614 903 728 1017 apud
772 900 955 988 Sibiriae
993 903 1172 1020 populos
1212 906 1351 992 minor
1378 930 1423 991 et
1451 908 1698 1013 debiliores,
1741 913 1955 1026 usquead

268 1052 430 1139 Lanam
455 1075 501 1139 et
526 1052 767 1141 sinensium
789 1055 917 1158 fines,
948 1056 1023 1143 ubi
1049 1055 1191 1141 ultimi
1219 1057 1410 1173 gentium
1436 1058 1712 1175 Hippophagi
1730 1086 1776 1149 et
1796 1062 1957 1179 Hippo-

263 1204 424 1318 molgi‚
452 1205 657 1308 Bracaris
672 1205 861 1321 Tungus'i
890 1224 1015 1322 arque
1044 1209 1182 1294 Jacuti
1207 1210 1409 1296 tataricae
1437 1211 1625 1326 originis.
1693 1219 1781 1299 Hae
1810 1239 1958 1328 gentes

262 1361 354 1446 iere
381 1386 530 1445 omnes
557 1387 761 1473 equarum
787 1356 1022 1448 acidelacto
1049 1361 1160 1446 lecte
1190 1384 1235 1447 et
1259 1361 1498 1448 inebriante
1527 1361 1722 1478 spiritum
1745 1369 1956 1479 quendam

259 1511 508 1627 destillant,
544 1508 728 1626 ideoque
767 1516 917 1626 greges
956 1543 1158 1628 equorum
1198 1515 1446 1630 praesertim
1488 1515 1840 1631 multiplicarunt.
1905 1524 1957 1613 In

259 1690 419 1784 genere
443 1662 547 1778 equi
573 1662 621 1747 in
648 1663 963 1749 australioribus
999 1668 1245 1782 temperatis
1275 1689 1326 1752 et
1352 1666 1427 1751 ubi
1455 1666 1628 1782 pinguia
1656 1698 1829 1782 pascua,
1870 1699 1957 1753 ma·

256 1823 370 1936 jures
397 1838 445 1901 et
471 1815 651 1904 animosi
676 1839 952 1931 generantur,
993 1817 1125 1933 magis
1161 1817 1322 1905 dociles
1355 1841 1402 1904 et
1440 1817 1601 1903 robusti
1641 1817 1689 1903 in
1729 1818 1956 1906 montania

255 1972 346 2059 eud
374 1969 517 2080 minua
542 1973 943 2055 recte-Lineaeus
966 1971 1086 2082 sylva
1113 1969 1320 2055 delectari
1345 1969 1477 2064 dicit;
1507 1993 1669 2056 novrmt
1693 1971 1810 2057 enirn
1837 2002 1957 2058 mon·

255 2120 437 2227 rimiae,
478 2121 513 2207 ai
547 2151 699 2208 eorum
732 2119 898 2237 equiria
925 2121 973 2205 in
998 2119 1130 2236 sylvis
1157 2120 1389 2221 aestivant,
1426 2120 1651 2237 evidenter
1679 2150 1956 2226 macrescere,

263 2300 405 2367 cntra
419 2274 480 2360 'in
507 2271 663 2392 apricis
672 2296 743 2360 et·
760 2271 1007 2388 graminosis
1031 2272 1125 2360 cito
1151 2271 1267 2360 refici
1293 2297 1337 2360 et
1364 2273 1548 2360 collibus
1562 2275 1825 2390 praesertim
1852 2302 1950 2390 gau·

221 2440 228 2445 ’
259 2430 382 2535 ἁτε,
417 2424 603 2512 Minirni
629 2428 744 2543 apud
780 2454 857 2510 nos
890 2423 995 2539 eqni
1023 2421 1234 2509 Mesenici
1249 2424 1307 2510 'in
1332 2424 1542 2540 gubernio
1569 2425 1954 2544 Archangelopoli-

251 2604 359 2673 uro
384 2603 434 2667 et
458 2578 658 2696 pygmaei
674 2577 734 2664 in
759 2577 897 2663 insula
931 2576 1083 2675 Oesel,
1123 2575 1281 2692 pulcri,
1325 2574 1475 2675 astuti,
1516 2577 1653 2693 agiles,
1682 2600 1731 2664 et
1762 2609 1789 2665 e
1824 2579 1954 2665 valde

251 2730 419 2827 dissitis
436 2731 558 2818 locis
579 2733 634 2817 ad
661 2728 826 2846 aliquot
852 2750 1033 2815 centena
1056 2730 1196 2814 stadia
1219 2744 1374 2845 sponte
1415 2728 1498 2815 visi
1533 2733 1587 2817 ad
1622 2730 1848 2846 pristinum
1869 2734 1954 2845 dm

251 2888 422 2978 ninum
448 2883 640 2972 rediisse.
693 2882 999 2969 Nobilissimae
1026 2912 1229 2997 equorum
1265 2881 1489 2996 progenies
1529 2881 1578 2967 in
1618 2884 1807 2970 Caucaso
1844 2881 1952 2977 cha<

250 3039 488 3131 racteribus
525 3038 1045 3149 certis.aoaauu1r-,.-quos
1073 3033 1125 3119 in·
1149 3032 1383 3149 posteriore
1405 3065 1508 3121 rneo
1534 3040 1681 3121 Itinere
1709 3035 1953 3123 delineatos

249 3192 470 3314 proposui.
513 3191 706 3285 Celebris
727 3186 974 3304 praesertim
997 3185 1121 3300 stirps
1141 3183 1465 3270 Tscherkessica
1490 3188 1715 3285 Schaloclz,
1742 3210 1789 3271 et
1816 3189 1947 3272 Abas·

249 3376 398 3439 sorum
443 3347 609 3443 Tramt,
650 3343 807 3439 virtute
848 3338 933 3425 rix
950 3336 1129 3423 arabicis
1158 3339 1358 3421 cedentes
1386 3359 1429 3420 et
1457 3336 1705 3450 genealogia
1733 3366 1947 3441 consecra·

250 3518 340 3587 tae.
395 3503 487 3583 Hae
514 3494 729 3614 patientia·
747 3495 960 3595 laborum,
1004 3488 1094 3573 sitis
1122 3486 1327 3599 famisque
1354 3486 1562 3589 eximiae,
1605 3487 1849 3601 longissima
1878 3485 1949 3571 iti·

251 3648 358 3739 nera
374 3647 653 3766 sinerrequie
682 3648 905 3732 serendae
900 3662 1055 3761 pares,
1085 3635 1270 3725 alienum
1297 3640 1384 3722 non
1409 3640 1534 3723 facile
1556 3669 1758 3724 sessorem
1782 3661 1948 3754 praeter

254 3828 408 3894 notum
432 3806 673 3933 dominum,
717 3803 847 3943 odere
876 3801 1162 3916 exploratum,
1207 3786 1509 3891 addmittunt‚'
1527 3815 1572 3877 et
1601 3794 1655 3876 ad
1681 3789 1949 3905 longissimos

252 3990 400 4055 cursus
432 3956 583 4061 inedia
623 3948 670 4041 et
702 3946 843 4070 par'vo'
884 3960 960 4037 e'x'
974 3948 1124 4067 granis
1163 3946 1321 4061 pabulo
1369 3968 1681 4059 praeparantur.
1750 3940 1954 4027 Scholocb

253 4117 392 4207 etiam
417 4096 573 4226 ungula
600 4112 744 4195 subtus
772 4100 1003 4229 laeprgata,
1033 4096 1266 4216 aequaliter
1292 4125 1476 4180 concava
1504 4094 1797 4211 singulariset
1753 4094 1951 4180 etfacile

255 4268 550 4385 agrroscendar
623 4260 905 4374 Quicumque
944 4277 1089 4342 notam
1130 4249 1269 4351 hisce·
1290 4248 1490 4364 stirpibus
1530 4248 1745 4364 propriam
1787 4248 1951 4335 alienae

253 4420 438 4536 originis
464 4434 578 4559 eque
604 4413 772 4501 inurere
799 4412 951 4508 st'rdet,¹
960 4406 1047 4493 vel
1072 4403 1148 4521 qul
1173 4403 1281 4487 tales
1313 4431 1464 4515 equos,
1492 4399 1758 4515 principibus
1783 4420 1829 4484 st
1859 4426 1953 4513 pro·

256 4558 433 4687 ceribus
427 4562 613 4705 geniis
611 4560 887 4654 c'oirsec‘rltos
903 4559 1091 4664 furatur,
1123 4556 1249 4672 apud
1260 4551 1566 4638 Tse'herl'ressos
1595 4574 1730 4638 morre
1759 4547 1954 4634 mulctari

257 4706 374 4821 solet
396 4757 497 4835 cum
525 4720 643 4837 omni
671 4752 745 4841 sua
773 4706 956 4805 familia.
965 4767 1019 4783 -
1046 4708 1285 4797 Varietates
1307 4702 1528 4809 formae,
1515 4728 1628 4790 rnter
1644 4735 1805 4818 equos,
1829 4699 1956 4785 rario-

259 4911 333 4968 res
359 4909 488 4994 quam
514 4874 561 4962 in
591 4873 686 4961 aliis
714 4832 980 4961 riomesticia
977 4864 1286 4966 animalibus,
1294 4858 1440 4985 aquia
1435 4888 1534 4955 ex
1547 4856 1675 4955 mica
1696 4855 1851 4979 specie
1879 4849 1963 4938 orti

1452 5027 1504 5102 33
