4410 5910
361 556 534 644 Rossice
559 554 817 677 pellionibus
849 554 1005 642 dieitrn
1031 562 1156 670 Βᾶτε.
1266 600 1271 605 ·
1359 604 1362 609 ’

362 708 608 824 Georgianis
634 710 799 823 Aptari.
855 708 971 794 Indis
1000 709 1289 820 Batggherta,

262 930 267 937 .
360 862 511 947 Turcis
536 884 581 946 et
606 858 742 945 Persis
767 861 919 969 Kastar
945 863 1079 973 (quod
1106 862 1309 945 cadavera
1329 861 1506 964 effodit,
1533 864 1645 951 della
1671 867 1823 977 Valle.)

359 1011 573 1126 Mongolis
599 1032 644 1096 et
670 1008 906 1098 Calmuccis
932 1009 1138 1123 (nomine,
1164 1008 1211 1096 ni
1236 1010 1361 1096 fallor
1381 986 1644 1127 Fangutano)
1670 1018 1795 1100 Dom.

1844 802 1849 812 ι

386 1326 560 1435 Hyaena
585 1317 776 1404 Asiatica
798 1326 865 1432 (*).
881 1351 969 1408 non
993 1320 1236 1435 infrequens
1271 1318 1318 1404 in
1346 1323 1636 1437 promontorio
1663 1323 1933 1412 meridionali

252 1471 431 1563 Caucasi
459 1472 687 1556 secundum
714 1471 874 1584 Cyrum
900 1502 1068 1557 amnem
1107 1474 1373 1573 decurrente,
1414 1469 1662 1586 praesertim
1687 1471 1734 1558 in
1761 1475 1934 1590 regione

252 1624 409 1728 Ateui,
451 1621 558 1708 ostio
585 1625 627 1706 fl.
655 1619 848 1706 Liachwi
873 1623 1088 1738 opposita,
1127 1623 1240 1706 unde
1279 1624 1414 1736 pelles
1454 1623 1686 1738 reportavit
1720 1627 1936 1741 quondam

251 1783 530 1863 meritissimus
557 1773 963 1859 Guzaensraedt.
1020 1780 1147 1859 Porro
1174 1772 1358 1859 occurrit
1386 1776 1514 1892 vulgo
1539 1774 1587 1859 in
1614 1775 1827 1865 montibus
1853 1779 1937 1891 syla

250 1926 362 2012 rosis
395 1922 662 2013 districtuum
700 1922 857 2012 Ghilan
895 1947 939 2008 et
973 1925 1267 2025 Masabrderan,
1306 1905 1437 2039 inque
1463 1918 1588 2013 omui*
1606 1932 1764 2032 Tauro,
1804 1925 1936 2042 inque

250 2076 433 2163 Altaicis
459 2075 634 2189 alpibus,
661 2072 737 2159 ubi
764 2072 1002 2162 Calmuccis
1029 2072 1206 2177 animal,
1248 2079 1304 2161 ob
1338 2077 1398 2159 fel
1434 2075 1709 2182 medicatum,
1750 2077 1934 2180 celebre,

251 2230 368 2345 quod
395 2226 525 2312 etiam
552 2228 605 2310 ab
632 2222 937 2337 antiquioribus
975 2222 1156 2309 Medicis
1194 2225 1410 2310 laudatum
1446 2223 1540 2311 luit.
1610 2228 1841 2315 Cerebrum
1866 2242 1937 2313 au·

249 2402 340 2465 tem
369 2380 423 2462 ad
450 2373 654 2461 veneficia
680 2372 876 2461 adhiberi
901 2378 931 2459 S
937 2379 1040 2460 bam
1081 2374 1146 2485 (in
1176 2383 1265 2459 itin.
1279 2376 1446 2485 Afric),
1473 2376 1549 2492 qui
1575 2379 1719 2462 locum
1746 2382 1936 2465 Lucani

250 2527 336 2616 huc
358 2530 497 2627 refert,
525 2528 595 2610 vel
620 2523 787 2611 insanos
815 2527 990 2611 reddere
1018 2522 1156 2608 Mauri
1182 2545 1227 2608 et
1251 2526 1411 2649 Arabes
1439 2530 1637 2631 credunt,
1678 2530 1791 2613 unde
1811 2550 1938 2644 caput
1977 2597 1980 2602 .

252 2708 397 2768 caesae
437 2685 635 2792 Hyaenae
674 2652 844 2790 publice
884 2675 1031 2761 defodi
1065 2677 1219 2761 debere
1251 2674 1382 2759 tradit
1414 2677 1731 2763 Skioeldebrund
1755 2677 1802 2762 in
1827 2679 1935 2764 Νου.

252 2835 347 2918 Act.
381 2831 526 2944 Upsal.
552 2833 634 2914 vol.
669 2863 702 2911 ι.
730 2859 772 2945 p.
787 2861 869 2936 79,
895 2825 969 2941 qui
995 2825 1111 2911 varia
1139 2827 1193 2910 ad
1218 2823 1440 2911 historiam
1466 2823 1590 2939 hujus
1615 2826 1809 2913 animalis
1836 2826 1935 2914 faci·

253 2982 368 3069 entia
381 2979 569 3093 collegit,
598 2981 713 3093 quod
738 2980 885 3063 crebro
912 2976 1058 3062 vivum
1085 2976 1178 3062 vidi
1203 2978 1416 3090 quondam
1441 2974 1489 3063 in
1516 2976 1666 3090 Belgio
1692 3001 1737 3063 et
1764 2978 1934 3090 Anglia.

255 3140 425 3221 Gressus
452 3131 596 3216 eidem
621 3127 769 3242 utique
794 3127 1036 3214 claudicans
1063 3149 1108 3213 et
1133 3127 1274 3241 piger;
1311 3126 1467 3212 ferocia
1500 3159 1663 3213 summa
1694 3151 1739 3213 et
1765 3131 1935 3244 adspec-

256 3309 319 3372 tus
344 3309 511 3385 torvus,
534 3276 776 3364 insidiosior
802 3276 981 3392 Lupino.
1042 3279 1246 3361 Iracunda
1279 3283 1452 3391 Hyaena
1485 3280 1660 3394 longum
1696 3278 1847 3362 villum
1872 3308 1936 3387 su·
2019 3259 2022 3265 ’

255 3469 328 3554 pra
353 3435 543 3550 scapulas
569 3427 707 3545 erigit,
736 3450 781 3512 et
806 3426 944 3541 rugitu
970 3456 1094 3511 rauco
1121 3426 1241 3541 quasi
1266 3424 1313 3511 in
1341 3450 1506 3541 gutture
1534 3429 1740 3515 ululatum
1766 3429 1936 3512 abscon·

257 3590 332 3692 dit,
360 3609 408 3671 ut
429 3579 663 3668 amaximis
690 3578 862 3664 canibus
888 3579 1102 3663 interdum
1129 3577 1316 3676 auditur;
1344 3579 1522 3664 subinde
1548 3581 1767 3696 planctum
1792 3577 1938 3665 huma·

259 3770 360 3824 num
387 3731 549 3821 imitari
575 3731 680 3817 visa.
734 3728 929 3816 Demisso
956 3728 1119 3844 semper
1147 3728 1287 3846 capite
1314 3731 1532 3816 auscultat.

392 4042 572 4127 Descr.
626 4039 746 4150 Lupo
773 4041 906 4146 major
931 4056 976 4119 et
1002 4032 1221 4136 robustior,
1250 4063 1436 4147 procera,
1476 4031 1654 4146 pedibus
1688 4030 1843 4144 valgis;
1877 4031 1938 4116 di·

263 4193 341 4309 giti
364 4194 599 4307 palmarum
626 4189 945 4303 plantarumque
972 4183 1178 4299 quaterni,
1205 4212 1303 4267 cum
1329 4183 1560 4268 accessorio
1586 4185 1640 4266 ad
1667 4183 1852 4298 posticas
1878 4205 1938 4268 ta·

358 4420 410 4507 (⁸)
437 4414 694 4505 Distinguenda
718 4433 849 4502 nempe
867 4418 1013 4501 Hyaena
1037 4417 1131 4495 atra,
1157 4409 1308 4478 maculis
1322 4410 1486 4477 rotundis
1511 4409 1695 4498 adspersa,
1722 4366 1937 4493 elegantior,

410 4543 522 4626 magis
548 4535 748 4620 familiaris,
775 4553 843 4602 nec
880 4536 997 4598 minus
1026 4530 1246 4600 truculenta.
1306 4536 1405 4597 Hanc
1437 4529 1558 4595 audiui
1583 4526 1762 4594 desiderio
1793 4525 1949 4592 oblatae.

413 4658 476 4724 sed
507 4658 706 4744 denegatae
738 4673 843 4723 escae
873 4655 977 4740 quasi
1014 4648 1227 4724 cachinnum
1252 4651 1314 4718 vel
1338 4671 1467 4719 vocem
1491 4643 1619 4716 flentis
1644 4648 1760 4734 paen,
1786 4645 1939 4714 reducto

415 4780 505 4844 rictu
529 4778 708 4847 edentem

1568 4955 1593 5030 5
