4410 5910
250 410 339 511 328
1013 422 1165 481 ==

250 626 334 731 lior
360 649 404 712 et
432 626 669 741 elegantior-
694 622 888 742 proxime
915 625 1301 743 praecedentibns,··
1326 626 1401 710 sod
1442 654 1575 740 aeque
1612 624 1737 711 foeda
1744 687 1759 726 ,
1801 649 1849 713 et
1885 657 1945 715 ra·

252 801 399 867 center
441 778 545 865 licet
579 777 744 878 occisa,
783 776 977 867 carnibus
1017 777 1100 863 suis
1137 777 1418 893 putidissime.
1488 777 1683 865 Pedicqu
1721 775 1947 865 infestatur

251 931 436 1034 minuto,
465 904 674 1044 oblongo,
710 929 931 1015 celerrime
958 929 1004 1014 iu
1032 930 1187 1044 plumis
1216 929 1490 1017 discurrente.

339 1102 342 1109 ’
390 1086 563 1169 Dascr.
618 1083 869 1197 Magnitudo
896 1081 1031 1181 Galli,
1071 1085 1261 1196 adeoque
1295 1080 1343 1167 in
1379 1112 1453 1167 suo
1486 1109 1639 1197 genere
1667 1078 1797 1167 facile
1825 1084 1949 1170 mini·

253 1263 337 1357 ma.
393 1239 587 1331 Rostrum
613 1235 700 1319 fere
730 1233 848 1334 Lari,
876 1235 1176 1333 subfalcatum,
1195 1232 1541 1338 teretiusculum,
1569 1232 1760 1347 nigrumr
1788 1237 1949 1321 mandi·

254 1390 354 1475 bulo
382 1386 595 1503 superiore
624 1387 842 1482 uncinata,
871 1389 1099 1497 inferiorem
1125 1416 1211 1473 non
1235 1382 1476 1499 saginante.
1545 1388 1652 1472 Coro
1679 1386 1793 1470 ultra
1822 1386 1949 1473 dimi-

254 1536 376 1627 dium
403 1537 525 1622 rostri
554 1536 727 1640 citrino,
759 1538 925 1623 naribus
953 1535 1319 1650 longitudiualiter
1347 1536 1564 1653 oblongis,
1606 1534 1853 1637 hiantibus,
1881 1570 1952 1623 au·

255 1710 435 1776 trorsum
464 1689 621 1775 effusis.
665 1689 929 1774 Mandibula
959 1693 1143 1798 inferior,
1171 1719 1255 1802 quo
1284 1717 1413 1802 usque
1442 1719 1555 1791 cera,
1592 1688 1753 1804 pariter
1779 1689 1951 1777 citrino.

255 1843 399 1927 Rictus
426 1839 726 1956 amplissimus;
755 1848 900 1954 lingue
921 1840 1060 1954 nigra,
1091 1844 1216 1953 longe
1239 1870 1336 1924 cum
1358 1839 1537 1954 glottide
1559 1844 1816 1948 exserenda,
1846 1871 1953 1929 cres·

258 2026 322 2100 sa,
352 1990 650 2098 canaliculata‚
683 1991 803 2108 apice
831 1992 1014 2107 integra,
1045 1968 1281 2078 rotundatu.
1337 1996 1474 2108 Caput
1501 1993 1611 2077 ultra
1636 1993 1786 2080 oculos
1814 2018 1861 2080 et
1886 2026 1952 2081 uu·

260 2175 347 2251 res,
390 2167 434 2229 et
474 2146 571 2259 gula
613 2145 699 2232 late
744 2147 877 2242 nuda,
919 2143 1202 2258 rugosissima‚
1242 2143 1529 2259 pulcherrima
1567 2144 1699 2230 citrea
1739 2147 1952 2235 flavediue

257 2295 413 2397 tincta3
443 2303 568 2382 lituro
594 2295 707 2383 inter
733 2297 878 2382 oculos
906 2319 950 2380 et
977 2326 1099 2380 nares
1127 2293 1543 2383 virescenti-livida.
1599 2296 1787 2383 flavado
1816 2300 1951 2387 omnis

257 2469 357 2567 post
394 2470 574 2533 mortem
617 2446 762 2534 evadit
801 2479 951 2539 aureo·
967 2449 1096 2535 fulva.
1166 2450 1374 2563 ingluvies
1412 2446 1669 2565 amplissime
1710 2449 1948 2555 dilatanda.

258 2630 452 2704 carnosa,
481 2598 554 2684 cui
579 2622 701 2684 extus
726 2600 774 2685 in
801 2601 946 2715 jugulo
971 2602 1201 2714 respondet
1226 2630 1325 2686 orca
1351 2599 1459 2704 lata,
1490 2600 1694 2712 oblonga,
1724 2605 1864 2709 nuda,
1890 2633 1949 2689 ru·

257 2780 381 2869 goso,
421 2749 588 2837 citrino.
615 2802 671 2820 --
706 2752 831 2839 Oculi
854 2750 1035 2838 iridibus
1062 2750 1228 2866 nigris,
1255 2755 1595 2868 perioplrtlrolmio
1636 2752 1785 2837 fusco·
1807 2754 1950 2871 margi·

260 2926 377 2990 nato.
431 2905 657 3019 Palpebrae
685 2899 842 3009 nudae,
872 2904 1001 2989 faciei
1029 2905 1286 2989 concolores.
1355 2905 1533 3007 Aurium
1560 2925 1781 3019 aperturae
1809 2907 1952 2995 oblou·

256 3084 360 3169 gae,
388 3057 546 3158 nudae,
577 3052 767 3154 hiantes,
796 3085 869 3141 ora
888 3056 1000 3140 intus
1031 3055 1132 3172 pilis
1159 3054 1331 3169 sparsis,
1362 3053 1601 3141 albidis-
1628 3058 1667 3139 V
1666 3077 1783 3143 otest
1803 3058 1953 3171 ungulo

261 3206 509 3322 hauginoso
538 3239 562 3293 a
589 3203 729 3291 nucha
756 3229 1041 3324 procurrente.
1110 3205 1298 3323 Occiput
1323 3228 1369 3291 et
1394 3203 1535 3299 nuche
1572 3214 1725 3322 plumis
1764 3218 1954 3325 attiguis,

260 3356 512 3460 linearibus,
554 3365 628 3472 (ut
654 3357 700 3444 iu
726 3358 850 3475 gellis
878 3357 1067 3444 castratis
1094 3368 1217 3466 sunt)
1245 3387 1396 3475 gryseo
1409 3409 1425 3425 ·
1440 3356 1561 3446 albis.
1631 3358 1829 3449 Cervicis
1868 3362 1953 3479 plu·

262 3540 356 3596 mae
387 3534 554 3615 acutae,
575 3539 734 3624 gryseo
760 3509 1104 3629 subinquinatae;
1135 3513 1262 3596 Dorsi
1288 3506 1558 3596 ususversim
1578 3511 1833 3613 undulatae,
1862 3543 1953 3629 que·

264 3658 301 3744 si
328 3661 545 3766 sordidae,
588 3660 775 3747 maxime
811 3664 902 3748 alae
940 3658 1106 3777 spuriae
1141 3683 1185 3745 et
1212 3656 1386 3748 brachia
1414 3663 1587 3747 alarum.
1656 3652 1822 3777 Corpus
1862 3692 1953 3749 curu

263 3812 403 3896 cauda
429 3813 624 3912 niveum,
652 3812 764 3898 circa
790 3814 994 3928 jugulum
1007 3834 1172 3909 tantum
1200 3811 1619 3926 gryseorsordidatis
1635 3813 1812 3928 plumis.
1853 3819 1953 3902 Aua

264 3963 497 4063 maximae3
539 3972 714 4078 remiges
739 3980 779 4053 5.
808 3976 1004 4082 primores
1044 3963 1241 4049 interire
1277 3964 1440 4052 vexillo
1467 3995 1609 4052 versus
1637 3965 1810 4082 apicem
1836 3968 1952 4053 falce

262 4112 344 4203 rim
371 4113 562 4214 exsiste,
597 4126 720 4202 tertio
745 4112 1011 4232 longissima,
1053 4130 1079 4203 3
1107 4137 1153 4200 et
1174 4134 1220 4220 4.
1247 4115 1470 4215 exteriore-
1486 4114 1660 4207 rerillo'
1677 4118 1953 4207 ubido-um·

263 4265 406 4370 brato,
435 4295 576 4350 versus
603 4287 839 4354 extremum
868 4289 1109 4384 angustato,
1136 4288 1256 4354 sexto
1285 4271 1340 4354 ad
1358 4300 1510 4372 nonem
1530 4268 1748 4359 exteriore
1773 4270 1952 4387 margins

266 4415 663 4517 albicio-umbram
697 4453 739 4518 r,
768 4452 815 4519 a,
843 4435 936 4508 oet
961 4452 1008 4504 ιο
1031 4418 1124 4504 sine
1145 4410 1361 4506 albedine.
1415 4423 1787 4535 &manduriam
1814 4448 1954 4511 omues

263 4566 501 4673 exteriore,
541 4569 709 4684 corpori
747 4567 916 4656 vicinae
940 4569 1082 4657 etiam
1109 4568 1311 4683 interiore
1339 4572 1502 4661 vexillo
1543 4600 1952 4691 grymo-cauum

264 4738 352 4822 tes,
392 4718 564 4806 sordido
590 4722 884 4822 adumbratae,
922 4724 1065 4809 subtus
1103 4750 1249 4810 omues
1286 4722 1450 4840 nigrae.
1524 4726 1739 4817 recma
1779 4729 1950 4848 prim

267 4895 367 4955 oum
394 4871 505 4961 alula
522 4869 697 4987 ,nigram
736 4872 1008 4965 mundatae
1042 4873 1231 4989 albidas,
1273 4868 1732 4995 nysae-mente
1773 4878 1946 4971 sordid*
