4410 5910
1025 367 1171 431 a
1842 355 1931 446 assr

251 591 364 663 stans
404 586 494 652 tota
534 562 650 652 libris
689 563 929 680 parallelis,
969 571 1023 654 ad
1064 590 1205 656 cutem
1246 569 1670 684 perpendicularibus,
1715 594 1936 688 compacta

250 717 572 833 conglutinatis,
618 717 844 804 albissimis
877 720 1133 836 spongiosiS,
1174 720 1450 806 substantiam
1490 721 1933 838 parenchymatosanr,

251 899 349 959 cum
390 871 617 956 tenacitate
660 872 856 976 mollem,
899 902 1121 958 exsuccam
1160 870 1531 979 constituentibus,
1574 899 1671 991 post
1697 876 1937 965 diuturnam

249 1019 298 1109 in
327 1053 434 1136 aqua
463 1022 789 1108 macerationem
817 1023 862 1108 in
892 1027 1124 1137 fragmenta
1151 1023 1298 1127 facile,
1336 1025 1532 1130 fissilem,
1575 1028 1753 1113 vasculis
1780 1025 1936 1112 nervis·

247 1203 335 1289 que
364 1175 489 1290 plane
519 1172 784 1277 destitutam,
825 1206 931 1289 quae
962 1208 985 1260 a
1011 1177 1143 1260 latere
1185 1175 1302 1263 cutis,
1319 1179 1570 1288 subjacentis
1598 1177 1712 1296 poris
1753 1208 1827 1264 seu
1868 1209 1935 1262 va·

250 1324 409 1442 gssnulis
446 1326 770 1411 foraminulenta
805 1349 890 1426 est,
925 1325 1363 1442 perpendicularibus,
1406 1328 1480 1444 qui
1511 1331 1640 1417 ¹villos
1669 1331 1776 1417 cutis
1805 1329 1936 1445 ipsius

248 1479 403 1572 molles
432 1477 544 1569 intus
572 1477 817 1593 suscipiunt
879 1484 975 1593 Ipsa
1002 1488 1107 1564 cutis
1134 1511 1208 1565 seu
1236 1490 1390 1567 corium
1417 1488 1481 1592 (³⁸)
1516 1504 1681 1568 constat
1708 1478 1940 1568 substantia

212 1691 216 1702 ·
248 1634 459 1730 subflava,
487 1649 513 1734 4
542 1629 748 1714 linearum
777 1632 863 1714 fere
892 1628 1100 1733 crassitie,
1136 1654 1259 1719 extus
1287 1654 1377 1717 tota
1405 1630 1668 1722 holosericea
1697 1632 1814 1719 villis
1842 1659 1939 1720 cou-

245 1782 510 1884 senissimis,
548 1782 767 1884 mollibus,
811 1783 1008 1882 setaceis,
1048 1783 1251 1869 laminam
1285 1778 1410 1873 istam
1449 1774 1648 1869 fibrosam'
1670 1779 1939 1871 subintrantir

250 1903 350 2039 bus,
391 1966 474 2050 qua
503 1937 691 2019 detracta
718 1933 808 2019 sine
837 1936 924 2019 ulla
950 1935 1147 2020 firmitate
1188 1935 1373 2038 fluitant,
1419 1935 1700 2025 maereatione
1741 1934 1787 2021 in
1831 1962 1938 2048 aque

249 2089 466 2175 finduntur
494 2094 767 2196 (nontamen
792 2085 876 2185 ita,
904 2111 952 2172 ut
978 2119 1080 2172 cum
1100 2092 1367 2200 Ruyrcbio
1395 2092 1496 2173 ther.
1523 2107 1638 2171 anat.
1664 2089 1700 2172 l.
1741 2109 1839 2201 pag.
1869 2098 1936 2190 391.

249 2237 299 2331 in
326 2241 455 2323 ubere
484 2238 685 2322 balaenae
714 2237 893 2352 papillas
921 2261 1113 2324 curaceas
1141 2239 1317 2327 diffissus
1346 2243 1616 2336 observante,
1652 2268 1729 2352 pro
1766 2234 1938 2325 fascicu:

252 2391 307 2487 lis
336 2389 584 2476 fibrillarum
619 2417 865 2473 nervearum
899 2388 1050 2476 haberi
1089 2397 1263 2506 queant)
1303 2392 1381 2474 sed
1421 2388 1642 2474 evidenter
1683 2388 1938 2481 dilaceratae

252 2564 478 2659 apparent,
522 2540 640 2626 velut
676 2540 723 2625 in
759 2541 989 2628 taeniolam
1023 2544 1390 2628 membranaceum.
1415 2543 1642 2644 resolutae,
1689 2560 1797 2658 quae
1824 2537 1940 2655 prius

250 2695 481 2795 convoluta
509 2690 607 2777 villi
633 2691 819 2807 speciem
846 2695 1113 2809 praebuerat:
1143 2697 1292 2791 Unde,
1320 2716 1365 2777 et
1385 2726 1408 2777 a
1432 2694 1600 2778 delemu
1627 2723 1825 2806 potorum
1852 2687 1942 2808 epia

253 2843 461 2933 dermidis
489 2867 534 2928 et
570 2842 760 2947 reticuli,
799 2845 1041 2931 differentia
1075 2844 1251 2960 insignis
1287 2843 1399 2929 inter
1433 2865 1720 2941 setaceorurn,
1747 2842 1942 2929 aliorum·

253 3027 336 3114 que
365 2994 612 3080 animalium
639 2995 926 3111 integumenta
963 3019 1093 3111 patet.
1121 3049 1170 3063 -
1201 2995 1394 3109 (Viscera
1435 2995 1600 3080 interna
1642 2993 1689 3079 in
1729 2991 1943 3107 descripto

254 3147 489 3266 specimine
517 3150 710 3251 deerant,
754 3172 928 3262 praeter·
952 3149 1239 3261 generationis
1274 3176 1428 3259 organa
1471 3145 1688 3254 mascula.)
1723 3197 1726 3204 ·
1756 3150 1942 3229 Genitale

254 3324 488 3397 externum·
507 3330 532 3384 e
551 3330 694 3384 crassa
722 3299 814 3385 basi
856 3299 995 3386 subito
1035 3322 1313 3402 attenuatum,
1358 3294 1648 3410 subspiraliter
1688 3296 1971 3397 contortum,

253 3454 370 3570 plica
398 3450 506 3536 cutis
534 3450 737 3536 tenuioris
765 3450 856 3537 basi
895 3450 1232 3564 subreginatum,
1271 3448 1542 3534 terminatum
1558 3449 1715 3561 glande
1737 3444 1940 3546 subulata‘,

254 3630 394 3705 ‚crasso
420 3603 644 3719 praeputio
671 3602 887 3716 vaginata,
916 3601 1035 3717 apice
1062 3605 1285 3716 perforata.
1342 3599 1466 3687 Panis
1495 3624 1671 3689 externe
1706 3620 1819 3694 totus
1845 3615 1942 3693 cute

254 3755 486 3853 tenerrime
514 3755 665 3840 villosa
692 3755 886 3859 vestitus,
927 3755 1096 3870 glandis
1120 3755 1306 3843 cuticula
1331 3777 1511 3842 externa
1537 3752 1691 3852 laevis,
1726 3750 1839 3837 intus
1875 3776 1945 3861 pa·

256 3905 425 4025 pillulis
454 3906 745 4002 minutissimis
773 3907 910 4023 ipsius,
939 3908 1104 4022 glandis
1146 3908 1416 4026 respondens.
1484 3909 1649 4021 Corpus-
1682 3922 1946 3997 cavernosum

254 4061 466 4174 simplex,
496 4082 624 4163 teres,
652 4090 790 4152 crasso
817 4059 1037 4150 involucro
1065 4059 1336 4157 corticatu'm,
1352 4057 1435 4151 ‚cui
1460 4055 1628 4170 penitus
1657 4054 1853 4149 immersa
1874 4051 1944 4139 de·

257 4210 394 4298 currit
422 4216 605 4309 uretbra,
647 4213 817 4328 proprio
847 4243 1074 4304 cavernoso
1113 4240 1292 4326 corpore
1331 4209 1581 4302 inmutata.
1619 4207 1747 4320 quod,
1774 4202 1864 4299 basi
1880 4270 1883 4275 >
1898 4199 1945 4296 iti

259 4363 443 4453 badbum
468 4390 660 4453 crassum·
680 4363 937 4458 intumescit.
974 4369 1174 4456 'Marcell
1203 4382 1397 4453 aemma
1429 4359 1580 4458 massi,
1618 4361 1788 4460 breves,
1828 4349 1948 4436 fasci·

318 4591 381 4680 ()
408 4594 436 4658 E
461 4595 564 4659 corio
589 4568 767 4660 Leucadia¹
784 4582 941 4685 propter·
967 4590 1185 4682 elegantiam
1211 4598 1249 4660 et
1280 4550 1489 4657 albedinem
1520 4594 1560 4658 et
1600 4586 1647 4654 ob
1684 4558 1949 4671 longitudinem

413 4712 675 4782 exscindantur
700 4715 914 4783 iuramenta·
932 4724 1003 4804 'pro
1027 4715 1194 4805 regendis
1218 4715 1350 4802 equis,
1365 4732 1460 4798 non,
1486 4700 1533 4780 ut'
1551 4704 1749 4783 Eis-nurus
1774 4700 1951 4793 prodidit,

418 4833 1049 4941 lorasrurenaructariautarun.
1292 4888 1333 4913 .‚
1596 4859 1674 4905 ,a
1748 4890 1764 4903 .
1834 4889 1839 4899 .
1938 4892 1942 4899 .

1529 4979 1582 5055 36
