4410 5910
519 672 646 763 128.
727 669 789 761 M
816 662 860 758 0
888 670 935 761 T
961 672 1003 760 Α
1033 666 1075 760 C
1104 671 1124 759 I
1150 660 1186 758 L
1215 671 1250 758 L
1277 671 1320 760 A
1393 658 1704 762 Trochilus.

268 867 271 870 -
393 817 454 898 M.
474 812 654 901 cinereo
669 864 683 879 ·
697 812 862 910 virens,
895 816 1044 898 subtus
1084 812 1266 929 pallida,
1309 809 1496 898 humeris
1517 818 1667 900 subtus
1702 814 1958 931 superciliis-

256 993 338 1079 que
368 964 505 1066 flavis,
534 965 713 1078 pedibus
742 965 1060 1049 latescentibus.
1386 977 1391 988 '

476 1118 664 1229 Regulus
693 1147 777 1200 non
807 1117 1020 1212 cristatus,
1048 1113 1315 1200 Aldrovandi
1324 1176 1338 1214 ,
1391 1116 1610 1229 Wszlughb.
1653 1150 1739 1204 om.
1789 1153 1831 1235 p.
1866 1133 1955 1223 164.

530 1269 612 1352 tob.
646 1287 711 1371 24.
739 1273 832 1386 Raj.
860 1299 955 1381 syn.
1000 1299 1098 1380 pag.
1126 1278 1195 1352 80.
1224 1298 1265 1350 n.
1301 1296 1362 1351 ιο.
1406 1267 1550 1353 Albin.
1577 1300 1645 1354 av.
1673 1276 1731 1359 11.
1770 1272 1858 1358 aab.
1892 1285 1956 1378 59·

520 1422 603 1532 fis·
632 1422 687 1505 A·

475 1591 714 1706 Muscipeta
742 1589 942 1674 minimus
980 1588 1053 1673 vel
1093 1588 1245 1705 Spinus
1273 1589 1509 1691 salinarias,
1550 1597 1708 1682 Frisch.
1736 1628 1806 1682 αυ.
1835 1603 1887 1682 cl.
1918 1631 1954 1680 s.

528 1764 626 1830 sect.
658 1778 696 1829 2.
727 1747 812 1830 tob.
843 1763 909 1849 24.
928 1747 1014 1856 fig.
1045 1777 1083 1826 α.
1204 1833 1207 1837 ,
1539 1848 1541 1853 Ι

477 1897 666 2008 Regulus
694 1895 912 1994 salicinus,
939 1895 1183 2010 Zoolubrit.
1213 1889 1254 2008 p.
1290 1929 1379 1980 101.
1416 1899 1501 1983 tab.
1530 1902 1573 1983 S.
1601 1904 1689 2014 fig.
1722 1934 1774 1986 ο.

467 2048 637 2145 Asilus,
666 2051 848 2132 Brisson.
878 2080 964 2133 orn.
993 2050 1070 2130 ΠΙ.
1102 2080 1142 2157 p.
1172 2063 1267 2156 479.
1297 2078 1361 2163 sp.
1388 2064 1456 2155 45.

476 2197 697 2287 Motacilla
725 2196 973 2298 Trochilus,
1004 2203 1093 2280 Lin.
1121 2219 1227 2310 syst.
1256 2200 1349 2281 XII.
1381 2233 1422 2319 ρ.
1453 2217 1547 2290 338.
1575 2234 1636 2316 sp.
1665 2221 1733 2308 49.

475 2357 536 2435 La
566 2357 768 2434 Fauvette
805 2351 880 2433 des
910 2380 1107 2452 roseaux,
1148 2351 1382 2436 D’Aubent.
1424 2365 1518 2470 pict.
1561 2356 1649 2440 tob.
1678 2367 1773 2441 581.
1806 2356 1891 2470 fig.
1918 2385 1951 2439 s.

475 2503 641 2589 Yellow
672 2510 826 2603 Wren‚
854 2505 1045 2586 Lathom.
1074 2530 1168 2612 syn.
1196 2504 1269 2596 IV.
1300 2535 1340 2615 p.
1371 2520 1464 2591 512.
1493 2540 1534 2591 n.
1569 2524 1656 2615 ¹47·

368 2694 511 2779 Rossis
540 2695 795 2780 Pe'noasclrlro
823 2717 868 2779 et
895 2695 1081 2808 Penofla,
1117 2697 1247 2808 (quod
1288 2716 1409 2813 supra
1449 2720 1620 2785 truncos
1648 2701 1797 2788 sedere
1825 2722 1870 2784 et
1895 2696 1950 2784 ni·

421 2848 566 2930 dulare
596 2848 744 2960 solet);
782 2850 833 2932 ad
862 2854 1022 2931 Lenam
1053 2847 1237 2957 Taloflra
1266 2850 1397 2962 iquod
1426 2848 1599 2936 saliceta
1628 2858 1776 2965 amet).
1837 2853 1950 2938 Cam·

246 3011 248 3014 ’
420 2992 651 3085 tschadalis
684 3003 1003 3084 Tralrtsclritsclr.

392 3211 533 3304 Haec,
562 3204 666 3290 licet
694 3234 718 3287 e
748 3202 936 3289 minimis
964 3202 1213 3303 nostratium
1243 3171 1529 3304 avicularum,
1554 3236 1759 3323 ⁴mereque
1788 3206 1950 3294 inserti·

253 3385 383 3459 rora,
407 3386 533 3443 omne
560 3377 704 3444 tamen
731 3357 857 3440 facile
886 3355 1015 3442 climu
1044 3358 1230 3471 perferre
1260 3361 1404 3456 audet,
1435 3382 1480 3444 et
1504 3378 1591 3444 o'on
1613 3360 1752 3444 solum
1780 3361 1827 3446 in
1857 3369 1951 3446 Ros·

254 3505 339 3610 sia,
364 3529 456 3593 tam
485 3509 749 3610 australiore,
780 3538 908 3621 quam
935 3507 1120 3604 boreali,
1147 3509 1220 3592 sed
1236 3530 1279 3590 et
1294 3539 1371 3622 per
1386 3539 1560 3598 omnem
1574 3510 1796 3616 Sibiriam‚
1827 3515 1951 3598 etiam

255 3660 476 3762 creticam,
520 3680 564 3746 et
590 3659 636 3747 iu
666 3656 1004 3747 Camtschatcam
1046 3689 1176 3770 usque
1213 3662 1416 3756 abundat,
1458 3690 1674 3774 quousque
1703 3665 1949 3779 vepreculas

254 3834 300 3897 et
339 3809 513 3898 saliceta
554 3833 793 3928 suppetunt.
863 3813 1055 3936 Stellarus
1097 3808 1227 3894 etiam
1268 3811 1314 3897 in
1355 3810 1504 3895 insulis
1543 3812 1688 3897 curilis
1730 3838 1780 3900 et
1818 3842 1948 3900 versm

250 3965 496 4053 Americam
524 3964 616 4049 sitis
646 3964 859 4049 abundare
885 3960 1089 4079 prodidit.
1161 3967 1212 4048 In
1245 3961 1452 4049 fruticetis
1480 3963 1742 4057 densissimis
1770 3989 1948 4053 versatur

251 4139 302 4205 et
327 4145 432 4205 voce
460 4117 656 4220 stridula,
703 4145 806 4203 sono
833 4115 976 4230 Grylli
1001 4115 1188 4218 aemula,
1233 4112 1360 4199 facile
1400 4143 1462 4207 se,
1487 4115 1642 4229 prodit.
1711 4117 1945 4232 Appropiu·

252 4293 456 4384 quantem
483 4299 585 4355 vero
613 4270 717 4355 nido
745 4266 967 4370 hominem
996 4268 1066 4352 vel
1108 4263 1266 4351 animal
1306 4295 1403 4353 cum
1433 4266 1628 4353 clamore
1670 4270 1941 4383 prosequitur,

180 4416 185 4425 ’
251 4420 519 4506 Zelatissima
548 4452 625 4538 pro
653 4421 774 4535 prole
803 4421 1010 4504 adamata.
1066 4421 1203 4506 Nidus
1228 4417 1299 4505 vel
1318 4415 1438 4501 inter
1466 4417 1637 4512 frutices
1666 4418 1856 4520 abditus,
1882 4415 1940 4503 vel

251 4570 301 4660 in
330 4572 543 4658 colliculis
584 4570 785 4660 muscosis
813 4591 859 4655 et
886 4597 1008 4685 supra
1049 4593 1219 4656 truncos
1259 4571 1452 4695 arborum
1494 4567 1712 4684 antiquos,
1755 4593 1936 4655 emuscu

250 4745 298 4808 et
327 4724 537 4836 gramine,
579 4725 780 4840 plumulis
816 4744 1063 4811 constratus.
1134 4725 1325 4832 Ovulo7
1366 4718 1550 4837 scrupuli
1586 4723 1799 4836 pondere,
1840 4721 1931 4817 alba.

253 4873 421 4991 punctis
448 4878 557 4966 rufis.
613 4881 665 4964 In
691 4875 889 4979 orientali
916 4873 1073 4967 sibiriu
1101 4877 1359 5005 Gmeliouo
1383 4896 1555 4965 reu-at
1592 4873 1688 4993 ipse
1725 4873 1774 4963 iu
1807 4878 1928 4961 Dauu-
