4410 5910
680 864 1328 964 PRAETATIO.

151 1467 346 1667 Prodit
398 1530 584 1626 tandem
636 1533 685 1619 in
736 1533 915 1638 lucem,
988 1560 1108 1652 quae
1163 1534 1246 1621 diu
1299 1533 1348 1620 in
1403 1532 1586 1623 schedis
1623 1533 1856 1646 dormivit,

155 1714 380 1838 promissa
425 1709 600 1796 dudum
644 1704 928 1841 Zoogrop'hio
963 1706 1147 1830 Imperii
1182 1708 1328 1795 Rosso
1345 1756 1366 1775 ·
1383 1705 1602 1812 Asiatici,
1656 1737 1740 1827 per
1772 1713 1857 1800 tri-

158 1891 293 2012 ginta
328 1909 469 1973 annos
506 1881 721 1969 collecta.
819 1875 1053 1969 'Continet
1105 1879 1322 1969 animalia
1357 1880 1495 1968 unius
1532 1899 1728 1969 octavae
1764 1883 1854 1974 cir-

160 2062 283 2148 citer
324 2055 459 2172 partis
507 2053 627 2142 orbis
672 2054 955 2142 habitabilis.
1069 2052 1118 2141 Si
1162 2052 1277 2171 quid
1324 2054 1541 2142 utilitatis
1586 2055 1654 2142 sic
1698 2055 1852 2144 dictae

166 2229 343 2318 Faunae
379 2229 551 2316 habere
585 2245 801 2344 possunt,
836 2244 961 2314 certe
998 2254 1025 2315 a
1060 2228 1234 2316 talibus
1271 2227 1562 2344 expectanda
1599 2244 1693 2332 est,
1736 2251 1853 2346 qua·

153 2407 249 2495 lem
284 2403 361 2492 hic
400 2402 547 2512 sist03
606 2428 698 2487 non
736 2402 1047 2506 macilentam,
1103 2418 1155 2488 ut
1191 2418 1298 2487 sunt
1333 2400 1478 2504 aliae,
1535 2400 1766 2490 nominum
1801 2420 1855 2490 et

154 2601 502 2694 synonymorum
538 2574 712 2661 sceleto
734 2576 878 2663 tenui
914 2575 1157 2663 hincinde
1184 2573 1553 2671 observationum
1572 2591 1620 2661 et
1645 2573 1850 2693 descrip·
1948 2628 1952 2633 ·

152 2751 330 2839 tionum
365 2749 497 2866 pelle
533 2747 808 2847 incrustato‚
846 2748 927 2834 sed
964 2751 1176 2865 plenam,
1223 2746 1455 2864 copiosam
1491 2763 1540 2834 et
1564 2746 1630 2834 ita
1675 2750 1849 2838 consti·

150 2941 324 3026 tutam,
362 2940 417 3008 ut
452 2919 694 3008 universae
731 2919 982 3041 Zoologiae
1017 2920 1320 3008 illustrandae
1356 2944 1441 3037 par
1477 2920 1550 3009 sit.
1644 2921 1857 3040 Propiti··

147 3124 229 3186 um
280 3090 537 3182 NUMEN
599 3094 726 3210 quod
771 3094 1009 3182 scientiam
1054 3095 1328 3199 naturalem,
1389 3120 1573 3215 magno¹
1608 3100 1843 3213 exemplo,

145 3266 350 3358 dimissis
382 3293 466 3384 per
501 3265 829 3373 vastissimum,
875 3269 1007 3376 cujus
1043 3285 1140 3355 erat
1175 3268 1344 3370 anima,
1409 3260 1653 3384 Imperium
1689 3270 1846 3356 obser-

147 3441 387 3530 vatoribus
423 3443 585 3559 augeri
619 3441 795 3545 voluit,
856 3458 927 3529 tot
962 3440 1184 3562 singulis,
1237 3467 1353 3558 quos
1388 3440 1507 3526 inter
1542 3457 1592 3528 et
1627 3467 1717 3563 ego
1753 3442 1843 3543 fui,

146 3613 329 3704 auxilia
374 3595 662 3730 suppeditari
704 3616 860 3724 J'ussit,
902 3627 968 3701 ut
1007 3613 1136 3702 vitae
1180 3613 1398 3735 indignus
1442 3613 1631 3702 fuissem
1671 3613 1710 3702 si
1746 3641 1840 3705 non

145 3788 334 3877 assiduo
387 3789 544 3875 labore
590 3803 638 3874 et
682 3789 824 3876 totius
877 3788 1171 3877 contentione
1221 3788 1361 3876 animi
1413 3790 1506 3878 hoc
1549 3816 1667 3905 opus
1708 3807 1856 3880 tanta·

145 3960 433 4080 protectione
471 3960 662 4082 dignum
699 3965 855 4051 sistere
874 3965 1206 4052 allaborassem.
1282 3962 1412 4050 Iussu
1429 3989 1595 4080 nempe
1631 3962 1835 4055 anAE

142 4131 484 4224 ROSSORUM
523 4132 962 4227 IMPERATRICIS
1016 4131 1511 4226 CATHARINAE
1555 4133 1832 4228 MAGNAE

145 4310 265 4396 inter
296 4311 454 4426 plures
481 4305 635 4429 (Anno
653 4306 1064 4429 MDCCLXVIH.)
1084 4338 1166 4427 per
1185 4309 1427 4428 Imperium
1445 4310 1652 4404 dimissos
1679 4316 1832 4399 obser-

144 4500 344 4586 vatores,
380 4485 549 4601 quibus
568 4479 797 4573 Naturalis
833 4487 1020 4574 historia
1041 4486 1184 4574 omnis
1210 4486 1481 4572 illustranda
1518 4485 1830 4585 mandabatur,

148 4654 265 4742 milri
283 4681 466 4773 quoque
484 4682 580 4742 esse
603 4658 813 4780 contigit.
863 4659 947 4746 Per
984 4660 1316 4777 quinquenium
1335 4677 1382 4746 et
1402 4660 1519 4746 ultra
1547 4683 1628 4772 per
1656 4676 1855 4747 austra-t

151 4825 290 4914 liores
330 4825 504 4921 Rossici
547 4828 730 4952 Imperii
773 4833 1005 4954 regiones,
1064 4831 1244 4922 Persiae
1290 4851 1338 4920 et
1381 4829 1598 4920 Tatariae
1633 4830 1854 4935 vicinas,
1948 4922 1953 4931 ,

1281 5007 1305 5057 ιιι
