4410 5910
263 387 353 486 338
465 418 471 429 ’
1036 399 1187 449 a

259 604 428 718 pdum,
470 608 686 688 naricum
713 598 898 714 denique
925 595 1202 715 proportione
1228 597 1350 684 brevi
1391 601 1446 684 ad
1478 601 1637 685 alasse
1675 599 1952 718 distinguunt.

257 758 450 840 Rostrum
476 754 614 839 minus
643 757 853 839 aduncum
888 783 1014 866 quarn
1053 752 1326 855 Falconibus,
1370 782 1449 837 nec
1489 752 1779 859 bidentatum,
1824 758 1952 871 magis

256 910 497 1005 robustum,
534 937 661 1021 quam
711 902 980 1021 accipitrina,
1028 906 1163 989 forma
1196 905 1285 988 fere
1319 926 1366 988 ut
1400 901 1447 989 in
1478 909 1653 1009 Astura,
1697 909 1775 992 sed
1822 909 1951 1021 magis

258 1088 509 1172 compressa.
569 1062 674 1143 Cera
702 1059 787 1141 lata
807 1079 936 1159 tersa,
966 1087 1179 1154 convexa,
1206 1058 1373 1141 naribus
1393 1056 1566 1172 oblique
1605 1058 1766 1161 oratis,
1809 1083 1951 1176 paten-

257 1209 447 1295 tissimis.
515 1215 678 1323 Lingua
719 1208 941 1294 subbiloba
968 1210 1038 1294 vel
1066 1208 1242 1322 integra.
1305 1208 1437 1294 Pedes
1456 1210 1705 1324 plerumque
1735 1212 1850 1297 ultra
1870 1242 1952 1298 me·

259 1361 350 1445 dias
378 1361 506 1446 tibias
535 1361 741 1478 plumosi3
778 1363 922 1473 digitis
950 1360 1117 1465 crassis,
1159 1359 1322 1446 extimo
1348 1361 1523 1475 quidem
1550 1385 1787 1448 extrorsum
1815 1394 1950 1449 versa·

256 1510 350 1610 tili,
379 1535 422 1597 at
449 1514 586 1598 minus
614 1515 732 1615 laxe,
761 1543 887 1627 quam
910 1512 1185 1616 Falconibus,
1211 1542 1289 1598 nec
1315 1515 1420 1599 adeo
1440 1511 1598 1627 insigni
1618 1513 1734 1631 plica
1750 1517 1953 1604 adnexus.

258 1667 419 1752 Omnes
447 1687 542 1750 sunt
569 1687 856 1781 macropterae
865 1724 880 1762 ,
920 1667 1054 1749 cauda
1094 1664 1231 1751 minus
1268 1666 1462 1778 elongata
1496 1667 1571 1750 sed
1599 1662 1761 1781 rigida,
1803 1695 1951 1755 omnes

255 1815 483 1916 altivolae,
511 1817 747 1916 animosae,
785 1838 956 1901 cruenta
984 1821 1141 1931 praeda
1168 1815 1394 1934 praecipue
1421 1816 1634 1922 viventes,
1680 1818 1951 1935 pauciparae,

255 1989 303 2053 nt
329 1998 500 2083 rapaces
528 1941 739 2085 reliquae3
768 1997 914 2052 omnes
943 1966 1073 2053 etiam
1101 1968 1149 2054 id
1177 1969 1385 2083 singulare
1414 1965 1598 2072 habent,
1632 1973 1751 2084 quod
1778 1971 1946 2086 plumae

254 2119 410 2235 capitis
435 2143 481 2206 et
508 2118 687 2206 cervicis
713 2118 914 2232 singulari
942 2121 1076 2205 forrna
1104 2122 1312 2209 lanceatus
1340 2118 1522 2218 habent,
1548 2142 1597 2205 ut
1616 2122 1735 2207 Galli
1755 2125 1848 2208 fere
1868 2119 1946 2237 gai·

253 2269 426 2357 linacei.
497 2270 669 2387 Species
698 2273 809 2386 apud
850 2300 925 2354 nos
967 2270 1066 2356 satis
1106 2303 1353 2358 numerosae
1386 2303 1464 2389 per
1497 2294 1660 2358 vastum
1701 2273 1949 2390 Imperium,

252 2450 335 2506 nec
362 2421 585 2508 individua
614 2454 727 2526 rara,
754 2443 928 2540 propter
950 2424 1187 2537 sylvarum,
1223 2424 1452 2523 montium,
1479 2424 1784 2530 solitudinum,
1828 2456 1944 2512 vena·

252 2567 384 2659 tionis
412 2574 735 2678 abundantiam,
762 2571 914 2688 quibus
943 2574 1065 2660 bonis
1094 2574 1200 2663 haec
1228 2604 1331 2690 gens
1358 2575 1542 2663 maxime
1570 2576 1827 2691 delectatur.

450 2825 536 2920 19.
625 2800 993 2903 AQUILA
1065 2801 1270 2893 nobilis
1313 2799 1372 2926 (*)
1430 2800 1756 2894 mmm.

359 3000 416 3082 A.
443 2996 566 3083 tibiis
592 2997 821 3116 plumosis,
858 2998 1148 3116 fusco-nigra,
1190 3022 1361 3117 pectore
1391 2998 1760 3106 albo-maculato,
1803 3002 1940 3109 crim,

249 3146 581 3265 rectricibusque
608 3149 699 3236 basi
730 3150 851 3236 albis.

466 3300 627 3416 Aquila
655 3305 827 3389 Aldrov.
858 3309 1004 3390 omitit.
1031 3308 1068 3390 I.
1096 3337 1138 3421 p.
1174 3339 1237 3414 17.

467 3453 753 3568 Chrysaetus,
794 3457 928 3541 cauda
969 3457 1124 3543 annulo
1164 3456 1265 3540 albo-
1302 3453 1466 3561 cincta,
1520 3455 1746 3571 Wtztugtb.
1792 3460 1936 3547 arniti-

520 3638 620 3721 pag.
652 3615 716 3689 aii.
746 3604 831 3688 tob.
868 3611 1142 3727 1.Ruj.syn.
1172 3641 1238 3694 ov.
1268 3640 1367 3725 pag.
1397 3622 1436 3695 6.
1466 3641 1505 3694 n.
1537 3642 1577 3692 a.

463 3754 624 3872 Aquila
652 3754 792 3869 nigra,
820 3760 1002 3845 Brisson.
1032 3791 1118 3846 om.
1146 3764 1182 3845 Ι.
1210 3793 1251 3874 p.
1280 3775 1377 3867 434.
1404 3794 1445 3846 n.
1474 3772 1514 3849 u
1553 3762 1750 3848 Lutltam.
1779 3792 1875 3877 syn.
1901 3760 1932 3841 i.

519 3941 619 4028 pag.
648 3922 714 3997 aii.
744 3943 784 3996 n.
815 3945 854 3996 a.

462 4062 624 4176 Aquila
651 4064 784 4150 cauda
813 4063 933 4164 alba,
963 4064 1180 4153 Edwards·
1209 4095 1276 4152 au.
1306 4069 1341 4152 l.
1370 4069 1456 4156 tob.
1491 4104 1528 4152 ι.

249 4266 565 4296 m-

307 4399 364 4495 (·)
390 4400 539 4474 Nobilem
574 4410 830 4496 cognominare
860 4410 992 4495 malui,
1030 4413 1068 4478 in
1094 4427 1158 4476 sua
1182 4415 1295 4500 gente
1318 4410 1581 4480 nobilissimam
1618 4419 1658 4482 et
1701 4411 1927 4484 festinum

390 4529 571 4616 speciem,
596 4548 643 4595 ne
666 4535 901 4600 continuetur
924 4530 1104 4617 confusia,
1135 4552 1207 4623 qna
1232 4526 1433 4619 Carystum
1461 4533 1521 4602 tel
1546 4537 1579 4600 Α
1612 4537 1747 4616 fulvam
1772 4532 1928 4628 appell!-

388 4654 497 4733 runt,
524 4666 618 4735 quae
643 4647 733 4716 fulvi
758 4650 852 4720 nihil
876 4653 1006 4737 habet3
1038 4650 1218 4724 Miranti
1244 4662 1365 4722 antem
1391 4676 1540 4742 nomeu,
1580 4655 1681 4754 quod
1716 4656 1805 4729 huic
1840 4656 1924 4725 odl-

388 4771 512 4855 quitus
535 4772 726 4858 proprium
751 4772 899 4842 videtur
924 4773 1052 4861 fuisse,
1079 4772 1276 4845 distinctae
1301 4778 1434 4866 speciei
1459 4774 1719 4870 applicarunt,
1741 4783 1853 4871 eique
1874 4776 1922 4843 i!-

386 4890 634 4983 octutsimtte,
659 4911 728 4966 mc
752 4911 878 4968 omnes
902 4895 1015 4971 credo
1038 4896 1192 4969 eundem
1216 4897 1398 4974 notanter.
