<?xml version="1.0" encoding="UTF-8"?>
<!DOCTYPE html PUBLIC "-//W3C//DTD XHTML 1.0 Transitional//EN"
    "http://www.w3.org/TR/xhtml1/DTD/xhtml1-transitional.dtd">
<html xmlns="http://www.w3.org/1999/xhtml" xml:lang="en" lang="en">
 <head>
  <title>
</title>
<meta http-equiv="Content-Type" content="text/html;charset=utf-8" />
  <meta name='ocr-system' content='tesseract 3.04.00' />
  <meta name='ocr-capabilities' content='ocr_page ocr_carea ocr_par ocr_line ocrx_word'/>
</head>
<body>
  <div class='ocr_page' id='page_1' title='image "./zoographiarosso01pallgoog_0104.png"; bbox 0 0 4410 5910; ppageno 0'>
   <div class='ocr_carea' id='block_1_1' title="bbox 249 422 1151 509">
    <p class='ocr_par' dir='ltr' id='par_1_1' title="bbox 249 422 1151 509">
     <span class='ocr_line' id='line_1_1' title="bbox 249 422 1151 509; baseline 0 -24"><span class='ocrx_word' id='word_1_1' title='bbox 249 427 305 509; x_wconf 82' lang='lat'><strong>72</strong></span> <span class='ocrx_word' id='word_1_2' title='bbox 1004 422 1151 485; x_wconf 57' lang='lat' dir='ltr'><strong>..u-⁹...</strong></span> 
     </span>
    </p>
   </div>
   <div class='ocr_carea' id='block_1_2' title="bbox 250 600 1942 1649">
    <p class='ocr_par' dir='ltr' id='par_1_2' title="bbox 250 600 1942 1649">
     <span class='ocr_line' id='line_1_2' title="bbox 251 600 1937 738; baseline -0.008 -24"><span class='ocrx_word' id='word_1_3' title='bbox 251 622 400 713; x_wconf 78' lang='lat' dir='ltr'><strong>Bossia</strong></span> <span class='ocrx_word' id='word_1_4' title='bbox 426 626 664 737; x_wconf 85' lang='lat' dir='ltr'><strong>Europaea,</strong></span> <span class='ocrx_word' id='word_1_5' title='bbox 693 643 738 705; x_wconf 90' lang='lat' dir='ltr'><strong>et</strong></span> <span class='ocrx_word' id='word_1_6' title='bbox 763 600 1011 738; x_wconf 79' lang='lat' dir='ltr'><strong>praesertim</strong></span> <span class='ocrx_word' id='word_1_7' title='bbox 1037 618 1084 705; x_wconf 93' lang='lat' dir='ltr'><strong>in</strong></span> <span class='ocrx_word' id='word_1_8' title='bbox 1113 617 1292 717; x_wconf 84' lang='lat' dir='ltr'><strong>Livonia</strong></span> <span class='ocrx_word' id='word_1_9' title='bbox 1319 617 1516 735; x_wconf 67' lang='lat' dir='ltr'><strong>hequens</strong></span> <span class='ocrx_word' id='word_1_10' title='bbox 1535 642 1612 707; x_wconf 89' lang='lat' dir='ltr'><strong>est.</strong></span> <span class='ocrx_word' id='word_1_11' title='bbox 1669 620 1822 737; x_wconf 83' lang='lat' dir='ltr'><strong>Sylvas</strong></span> <span class='ocrx_word' id='word_1_12' title='bbox 1845 636 1937 701; x_wconf 88' lang='lat' dir='ltr'><strong>tan·</strong></span> 
     </span>
     <span class='ocr_line' id='line_1_3' title="bbox 250 764 1939 890; baseline -0.007 -29"><span class='ocrx_word' id='word_1_13' title='bbox 250 800 339 863; x_wconf 88' lang='lat' dir='ltr'><strong>turn</strong></span> <span class='ocrx_word' id='word_1_14' title='bbox 367 774 617 859; x_wconf 85' lang='lat' dir='ltr'><strong>necessitate</strong></span> <span class='ocrx_word' id='word_1_15' title='bbox 646 796 838 858; x_wconf 91' lang='lat' dir='ltr'><strong>coactum</strong></span> <span class='ocrx_word' id='word_1_16' title='bbox 866 772 991 875; x_wconf 88' lang='lat' dir='ltr'><strong>colit,</strong></span> <span class='ocrx_word' id='word_1_17' title='bbox 1036 772 1230 857; x_wconf 83' lang='lat' dir='ltr'><strong>lubenter</strong></span> <span class='ocrx_word' id='word_1_18' title='bbox 1257 769 1402 859; x_wconf 88' lang='lat' dir='ltr'><strong>hortos</strong></span> <span class='ocrx_word' id='word_1_19' title='bbox 1431 795 1474 856; x_wconf 89' lang='lat' dir='ltr'><strong>et</strong></span> <span class='ocrx_word' id='word_1_20' title='bbox 1501 803 1671 890; x_wconf 74' lang='lat' dir='ltr'><strong>campos</strong></span> <span class='ocrx_word' id='word_1_21' title='bbox 1698 769 1803 859; x_wconf 89' lang='lat' dir='ltr'><strong>raris</strong></span> <span class='ocrx_word' id='word_1_22' title='bbox 1829 764 1939 851; x_wconf 80' lang='lat' dir='ltr'><strong>lucia</strong></span> 
     </span>
     <span class='ocr_line' id='line_1_4' title="bbox 252 919 1939 1045; baseline -0.003 -32"><span class='ocrx_word' id='word_1_23' title='bbox 252 957 411 1045; x_wconf 87' lang='lat' dir='ltr'><strong>sparsos</strong></span> <span class='ocrx_word' id='word_1_24' title='bbox 440 927 510 1010; x_wconf 81' lang='lat' dir='ltr'><strong>vel</strong></span> <span class='ocrx_word' id='word_1_25' title='bbox 537 926 664 1041; x_wconf 91' lang='lat' dir='ltr'><strong>plane</strong></span> <span class='ocrx_word' id='word_1_26' title='bbox 692 928 837 1010; x_wconf 89' lang='lat' dir='ltr'><strong>nudos.</strong></span> <span class='ocrx_word' id='word_1_27' title='bbox 903 929 1122 1011; x_wconf 84' lang='lat' dir='ltr'><strong>Cuniculos</strong></span> <span class='ocrx_word' id='word_1_28' title='bbox 1145 922 1392 1039; x_wconf 86' lang='lat' dir='ltr'><strong>praesertim</strong></span> <span class='ocrx_word' id='word_1_29' title='bbox 1417 924 1527 1009; x_wconf 82' lang='lat' dir='ltr'><strong>fodit</strong></span> <span class='ocrx_word' id='word_1_30' title='bbox 1555 924 1660 1011; x_wconf 92' lang='lat' dir='ltr'><strong>locis</strong></span> <span class='ocrx_word' id='word_1_31' title='bbox 1675 919 1939 1044; x_wconf 73' lang='lat' dir='ltr'><strong>praeruptis.</strong></span> 
     </span>
     <span class='ocr_line' id='line_1_5' title="bbox 252 1075 1941 1193; baseline -0.007 -29"><span class='ocrx_word' id='word_1_32' title='bbox 252 1103 296 1165; x_wconf 90' lang='lat' dir='ltr'><strong>et</strong></span> <span class='ocrx_word' id='word_1_33' title='bbox 324 1110 409 1165; x_wconf 92' lang='lat' dir='ltr'><strong>non</strong></span> <span class='ocrx_word' id='word_1_34' title='bbox 437 1078 563 1191; x_wconf 91' lang='lat' dir='ltr'><strong>longe</strong></span> <span class='ocrx_word' id='word_1_35' title='bbox 593 1080 645 1161; x_wconf 90' lang='lat' dir='ltr'><strong>ab</strong></span> <span class='ocrx_word' id='word_1_36' title='bbox 675 1101 792 1163; x_wconf 89' lang='lat' dir='ltr'><strong>antro</strong></span> <span class='ocrx_word' id='word_1_37' title='bbox 818 1107 896 1193; x_wconf 90' lang='lat' dir='ltr'><strong>pro</strong></span> <span class='ocrx_word' id='word_1_38' title='bbox 931 1077 1076 1162; x_wconf 83' lang='lat' dir='ltr'><strong>cloaca</strong></span> <span class='ocrx_word' id='word_1_39' title='bbox 1102 1075 1243 1190; x_wconf 84' lang='lat' dir='ltr'><strong>seligit</strong></span> <span class='ocrx_word' id='word_1_40' title='bbox 1282 1077 1424 1161; x_wconf 90' lang='lat' dir='ltr'><strong>locum</strong></span> <span class='ocrx_word' id='word_1_41' title='bbox 1467 1076 1671 1162; x_wconf 84' lang='lat' dir='ltr'><strong>acclivem</strong></span> <span class='ocrx_word' id='word_1_42' title='bbox 1712 1076 1783 1159; x_wconf 85' lang='lat' dir='ltr'><strong>vel</strong></span> <span class='ocrx_word' id='word_1_43' title='bbox 1823 1099 1941 1189; x_wconf 89' lang='lat' dir='ltr'><strong>prae·</strong></span> 
     </span>
     <span class='ocr_line' id='line_1_6' title="bbox 250 1227 1941 1348; baseline -0.005 -32"><span class='ocrx_word' id='word_1_44' title='bbox 250 1252 443 1348; x_wconf 85' lang='lat' dir='ltr'><strong>ruptum,</strong></span> <span class='ocrx_word' id='word_1_45' title='bbox 471 1227 546 1313; x_wconf 89' lang='lat' dir='ltr'><strong>ubi</strong></span> <span class='ocrx_word' id='word_1_46' title='bbox 574 1228 764 1343; x_wconf 90' lang='lat' dir='ltr'><strong>deposita</strong></span> <span class='ocrx_word' id='word_1_47' title='bbox 793 1249 1062 1315; x_wconf 89' lang='lat' dir='ltr'><strong>excrementa</strong></span> <span class='ocrx_word' id='word_1_48' title='bbox 1088 1250 1200 1313; x_wconf 91' lang='lat' dir='ltr'><strong>terra</strong></span> <span class='ocrx_word' id='word_1_49' title='bbox 1226 1227 1504 1344; x_wconf 85' lang='lat' dir='ltr'><strong>superinjecta</strong></span> <span class='ocrx_word' id='word_1_50' title='bbox 1532 1228 1659 1340; x_wconf 82' lang='lat' dir='ltr'><strong>facile</strong></span> <span class='ocrx_word' id='word_1_51' title='bbox 1682 1252 1826 1343; x_wconf 84' lang='lat' dir='ltr'><strong>tegere</strong></span> <span class='ocrx_word' id='word_1_52' title='bbox 1847 1256 1941 1341; x_wconf 90' lang='lat' dir='ltr'><strong>pos·</strong></span> 
     </span>
     <span class='ocr_line' id='line_1_7' title="bbox 253 1378 1942 1495; baseline -0.003 -28"><span class='ocrx_word' id='word_1_53' title='bbox 253 1384 321 1467; x_wconf 87' lang='lat' dir='ltr'><strong>sit.</strong></span> <span class='ocrx_word' id='word_1_54' title='bbox 377 1386 606 1494; x_wconf 86' lang='lat' dir='ltr'>Nunquam</span> <span class='ocrx_word' id='word_1_55' title='bbox 632 1379 715 1465; x_wconf 91' lang='lat' dir='ltr'><strong>nisi</strong></span> <span class='ocrx_word' id='word_1_56' title='bbox 743 1403 872 1465; x_wconf 90' lang='lat' dir='ltr'><strong>noctu</strong></span> <span class='ocrx_word' id='word_1_57' title='bbox 899 1403 1089 1493; x_wconf 87' lang='lat' dir='ltr'><strong>vagatur,</strong></span> <span class='ocrx_word' id='word_1_58' title='bbox 1130 1401 1226 1495; x_wconf 89' lang='lat' dir='ltr'><strong>post</strong></span> <span class='ocrx_word' id='word_1_59' title='bbox 1253 1409 1447 1465; x_wconf 90' lang='lat' dir='ltr'><strong>occasum</strong></span> <span class='ocrx_word' id='word_1_60' title='bbox 1474 1379 1594 1482; x_wconf 85' lang='lat' dir='ltr'><strong>solis,</strong></span> <span class='ocrx_word' id='word_1_61' title='bbox 1635 1402 1680 1465; x_wconf 90' lang='lat' dir='ltr'><strong>et</strong></span> <span class='ocrx_word' id='word_1_62' title='bbox 1717 1379 1756 1465; x_wconf 88' lang='lat' dir='ltr'><strong>si</strong></span> <span class='ocrx_word' id='word_1_63' title='bbox 1790 1378 1942 1463; x_wconf 84' lang='lat' dir='ltr'><strong>illuxe-</strong></span> 
     </span>
     <span class='ocr_line' id='line_1_8' title="bbox 253 1530 1941 1649; baseline -0.002 -32"><span class='ocrx_word' id='word_1_64' title='bbox 253 1533 329 1635; x_wconf 85' lang='lat' dir='ltr'><strong>rit,</strong></span> <span class='ocrx_word' id='word_1_65' title='bbox 372 1533 448 1616; x_wconf 90' lang='lat' dir='ltr'><strong>sub</strong></span> <span class='ocrx_word' id='word_1_66' title='bbox 476 1530 633 1616; x_wconf 87' lang='lat' dir='ltr'><strong>arboris</strong></span> <span class='ocrx_word' id='word_1_67' title='bbox 660 1534 875 1644; x_wconf 88' lang='lat' dir='ltr'><strong>cujusdam</strong></span> <span class='ocrx_word' id='word_1_68' title='bbox 903 1530 1113 1617; x_wconf 83' lang='lat' dir='ltr'><strong>radicibus</strong></span> <span class='ocrx_word' id='word_1_69' title='bbox 1142 1531 1211 1614; x_wconf 89' lang='lat' dir='ltr'><strong>vel</strong></span> <span class='ocrx_word' id='word_1_70' title='bbox 1240 1531 1367 1617; x_wconf 86' lang='lat' dir='ltr'><strong>obvia</strong></span> <span class='ocrx_word' id='word_1_71' title='bbox 1395 1562 1641 1648; x_wconf 83' lang='lat' dir='ltr'><strong>quacunque</strong></span> <span class='ocrx_word' id='word_1_72' title='bbox 1668 1531 1713 1617; x_wconf 91' lang='lat' dir='ltr'><strong>in</strong></span> <span class='ocrx_word' id='word_1_73' title='bbox 1742 1531 1941 1649; x_wconf 83' lang='lat' dir='ltr'><strong>spelunca</strong></span> 
     </span>
    </p>
   </div>
   <div class='ocr_carea' id='block_1_3' title="bbox 253 1672 1942 1799">
    <p class='ocr_par' dir='ltr' id='par_1_3' title="bbox 253 1672 1942 1799">
     <span class='ocr_line' id='line_1_9' title="bbox 253 1672 1942 1799; baseline -0.002 -30"><span class='ocrx_word' id='word_1_74' title='bbox 253 1683 480 1769; x_wconf 89' lang='lat' dir='ltr'><strong>delitescit.</strong></span> <span class='ocrx_word' id='word_1_75' title='bbox 536 1688 577 1766; x_wconf 90' lang='lat' dir='ltr'>A</span> <span class='ocrx_word' id='word_1_76' title='bbox 604 1685 778 1769; x_wconf 91' lang='lat' dir='ltr'><strong>canibus</strong></span> <span class='ocrx_word' id='word_1_77' title='bbox 807 1680 1135 1799; x_wconf 89' lang='lat' dir='ltr'><strong>deprehensum,</strong></span> <span class='ocrx_word' id='word_1_78' title='bbox 1180 1682 1386 1796; x_wconf 86' lang='lat' dir='ltr'><strong>unguibus</strong></span> <span class='ocrx_word' id='word_1_79' title='bbox 1413 1672 1694 1798; x_wconf 83' lang='lat' dir='ltr'><strong>dentibusque</strong></span> <span class='ocrx_word' id='word_1_80' title='bbox 1725 1714 1770 1769; x_wconf 88' lang='lat' dir='ltr'><strong>se</strong></span> <span class='ocrx_word' id='word_1_81' title='bbox 1800 1684 1942 1768; x_wconf 81' lang='lat' dir='ltr'><strong>defen·</strong></span> 
     </span>
    </p>
   </div>
   <div class='ocr_carea' id='block_1_4' title="bbox 249 1835 1943 3615">
    <p class='ocr_par' dir='ltr' id='par_1_4' title="bbox 249 1835 1943 3615">
     <span class='ocr_line' id='line_1_10' title="bbox 254 1835 1941 1951; baseline -0.001 -30"><span class='ocrx_word' id='word_1_82' title='bbox 254 1836 341 1939; x_wconf 87' lang='lat' dir='ltr'><strong>dit,</strong></span> <span class='ocrx_word' id='word_1_83' title='bbox 372 1837 495 1920; x_wconf 91' lang='lat' dir='ltr'><strong>dorso</strong></span> <span class='ocrx_word' id='word_1_84' title='bbox 525 1836 787 1919; x_wconf 90' lang='lat' dir='ltr'><strong>incumbens.</strong></span> <span class='ocrx_word' id='word_1_85' title='bbox 844 1835 1136 1951; x_wconf 91' lang='lat' dir='ltr'><strong>Depopulatur</strong></span> <span class='ocrx_word' id='word_1_86' title='bbox 1170 1865 1270 1919; x_wconf 89' lang='lat' dir='ltr'><strong>uvas</strong></span> <span class='ocrx_word' id='word_1_87' title='bbox 1299 1856 1518 1938; x_wconf 88' lang='lat' dir='ltr'><strong>autumno,</strong></span> <span class='ocrx_word' id='word_1_88' title='bbox 1561 1858 1606 1919; x_wconf 89' lang='lat' dir='ltr'><strong>et</strong></span> <span class='ocrx_word' id='word_1_89' title='bbox 1646 1837 1806 1921; x_wconf 86' lang='lat' dir='ltr'><strong>fructus</strong></span> <span class='ocrx_word' id='word_1_90' title='bbox 1850 1836 1941 1919; x_wconf 89' lang='lat' dir='ltr'><strong>dru-</strong></span> 
     </span>
     <span class='ocr_line' id='line_1_11' title="bbox 250 1984 1941 2105; baseline -0.001 -33"><span class='ocrx_word' id='word_1_91' title='bbox 250 2016 423 2105; x_wconf 87' lang='lat' dir='ltr'><strong>paceos;</strong></span> <span class='ocrx_word' id='word_1_92' title='bbox 453 1988 706 2102; x_wconf 88' lang='lat' dir='ltr'><strong>Coleoptera</strong></span> <span class='ocrx_word' id='word_1_93' title='bbox 733 2015 899 2099; x_wconf 89' lang='lat' dir='ltr'><strong>quoque</strong></span> <span class='ocrx_word' id='word_1_94' title='bbox 940 1990 1177 2071; x_wconf 90' lang='lat' dir='ltr'><strong>manducat.</strong></span> <span class='ocrx_word' id='word_1_95' title='bbox 1255 1990 1423 2073; x_wconf 85' lang='lat' dir='ltr'><strong>Co&#39;itum</strong></span> <span class='ocrx_word' id='word_1_96' title='bbox 1472 2008 1642 2072; x_wconf 87' lang='lat' dir='ltr'><strong>exercet</strong></span> <span class='ocrx_word' id='word_1_97' title='bbox 1683 1984 1941 2089; x_wconf 82' lang='lat' dir='ltr'><strong>Novembri,</strong></span> 
     </span>
     <span class='ocr_line' id='line_1_12' title="bbox 249 2134 1941 2257; baseline 0 -34"><span class='ocrx_word' id='word_1_98' title='bbox 249 2162 422 2253; x_wconf 92' lang='lat' dir='ltr'><strong>tumque</strong></span> <span class='ocrx_word' id='word_1_99' title='bbox 451 2136 776 2252; x_wconf 91' lang='lat' dir='ltr'><strong>pinguissimum</strong></span> <span class='ocrx_word' id='word_1_100' title='bbox 802 2138 1017 2223; x_wconf 87' lang='lat' dir='ltr'><strong>delitescit</strong></span> <span class='ocrx_word' id='word_1_101' title='bbox 1043 2166 1119 2253; x_wconf 91' lang='lat' dir='ltr'><strong>per</strong></span> <span class='ocrx_word' id='word_1_102' title='bbox 1148 2137 1353 2251; x_wconf 90' lang='lat' dir='ltr'><strong>reliquam</strong></span> <span class='ocrx_word' id='word_1_103' title='bbox 1381 2134 1582 2251; x_wconf 89' lang='lat' dir='ltr'><strong>hyemem</strong></span> <span class='ocrx_word' id='word_1_104' title='bbox 1603 2168 1753 2257; x_wconf 87' lang='lat' dir='ltr'><strong>sopore</strong></span> <span class='ocrx_word' id='word_1_105' title='bbox 1775 2167 1941 2254; x_wconf 88' lang='lat' dir='ltr'><strong>oppres·</strong></span> 
     </span>
     <span class='ocr_line' id='line_1_13' title="bbox 250 2287 1941 2411; baseline 0.001 -37"><span class='ocrx_word' id='word_1_106' title='bbox 250 2319 355 2375; x_wconf 82' lang='lat' dir='ltr'><strong>sum.</strong></span> <span class='ocrx_word' id='word_1_107' title='bbox 412 2287 585 2373; x_wconf 90' lang='lat' dir='ltr'><strong>Pariunt</strong></span> <span class='ocrx_word' id='word_1_108' title='bbox 611 2290 821 2374; x_wconf 88' lang='lat' dir='ltr'><strong>foeminae</strong></span> <span class='ocrx_word' id='word_1_109' title='bbox 850 2320 993 2374; x_wconf 86' lang='lat' dir='ltr'><strong>mense</strong></span> <span class='ocrx_word' id='word_1_110' title='bbox 1022 2288 1263 2403; x_wconf 27' lang='lat' dir='ltr'><strong>Februario·</strong></span> <span class='ocrx_word' id='word_1_111' title='bbox 1280 2310 1500 2404; x_wconf 90' lang='lat' dir='ltr'><strong>quaternos</strong></span> <span class='ocrx_word' id='word_1_112' title='bbox 1530 2293 1599 2374; x_wconf 89' lang='lat' dir='ltr'><strong>vel</strong></span> <span class='ocrx_word' id='word_1_113' title='bbox 1627 2290 1809 2411; x_wconf 23' lang='lat' dir='ltr'><strong>quinos..</strong></span> <span class='ocrx_word' id='word_1_114' title='bbox 1862 2296 1941 2375; x_wconf 90' lang='lat' dir='ltr'><strong>De·</strong></span> 
     </span>
     <span class='ocr_line' id='line_1_14' title="bbox 250 2438 1941 2557; baseline 0 -32"><span class='ocrx_word' id='word_1_115' title='bbox 250 2439 413 2525; x_wconf 90' lang='lat' dir='ltr'><strong>cembri</strong></span> <span class='ocrx_word' id='word_1_116' title='bbox 440 2461 486 2524; x_wconf 89' lang='lat' dir='ltr'><strong>et</strong></span> <span class='ocrx_word' id='word_1_117' title='bbox 510 2439 705 2526; x_wconf 89' lang='lat' dir='ltr'><strong>Januario</strong></span> <span class='ocrx_word' id='word_1_118' title='bbox 732 2442 892 2527; x_wconf 89' lang='lat' dir='ltr'><strong>adlatos</strong></span> <span class='ocrx_word' id='word_1_119' title='bbox 921 2442 1057 2525; x_wconf 86' lang='lat' dir='ltr'><strong>Meles</strong></span> <span class='ocrx_word' id='word_1_120' title='bbox 1085 2469 1249 2557; x_wconf 89' lang='lat' dir='ltr'><strong>semper</strong></span> <span class='ocrx_word' id='word_1_121' title='bbox 1276 2438 1522 2525; x_wconf 85' lang='lat' dir='ltr'><strong>invenisne</strong></span> <span class='ocrx_word' id='word_1_122' title='bbox 1550 2440 1660 2527; x_wconf 89' lang='lat' dir='ltr'><strong>altili</strong></span> <span class='ocrx_word' id='word_1_123' title='bbox 1685 2439 1941 2557; x_wconf 84' lang='lat' dir='ltr'><strong>pinguiores,</strong></span> 
     </span>
     <span class='ocr_line' id='line_1_15' title="bbox 251 2590 1942 2708; baseline 0.001 -33"><span class='ocrx_word' id='word_1_124' title='bbox 251 2615 299 2676; x_wconf 91' lang='lat' dir='ltr'><strong>ut</strong></span> <span class='ocrx_word' id='word_1_125' title='bbox 327 2621 449 2707; x_wconf 86' lang='lat' dir='ltr'><strong>saepe</strong></span> <span class='ocrx_word' id='word_1_126' title='bbox 477 2591 558 2708; x_wconf 91' lang='lat' dir='ltr'><strong>pili</strong></span> <span class='ocrx_word' id='word_1_127' title='bbox 585 2590 667 2675; x_wconf 85' lang='lat' dir='ltr'><strong>rari</strong></span> <span class='ocrx_word' id='word_1_128' title='bbox 696 2590 769 2675; x_wconf 92' lang='lat' dir='ltr'><strong>vix</strong></span> <span class='ocrx_word' id='word_1_129' title='bbox 799 2615 1028 2707; x_wconf 87' lang='lat' dir='ltr'><strong>contegant</strong></span> <span class='ocrx_word' id='word_1_130' title='bbox 1054 2591 1256 2706; x_wconf 84' lang='lat' dir='ltr'><strong>saginam.</strong></span> <span class='ocrx_word' id='word_1_131' title='bbox 1321 2596 1433 2675; x_wconf 91' lang='lat' dir='ltr'><strong>Tum</strong></span> <span class='ocrx_word' id='word_1_132' title='bbox 1459 2592 1646 2678; x_wconf 88' lang='lat' dir='ltr'><strong>maxime</strong></span> <span class='ocrx_word' id='word_1_133' title='bbox 1675 2592 1942 2707; x_wconf 89' lang='lat' dir='ltr'><strong>requiruntur</strong></span> 
     </span>
     <span class='ocr_line' id='line_1_16' title="bbox 251 2738 1941 2860; baseline -0.001 -34"><span class='ocrx_word' id='word_1_134' title='bbox 251 2766 425 2859; x_wconf 90' lang='lat' dir='ltr'><strong>propter</strong></span> <span class='ocrx_word' id='word_1_135' title='bbox 453 2744 618 2860; x_wconf 82' lang='lat' dir='ltr'><strong>adipem</strong></span> <span class='ocrx_word' id='word_1_136' title='bbox 644 2768 833 2847; x_wconf 90' lang='lat' dir='ltr'><strong>tenuem,</strong></span> <span class='ocrx_word' id='word_1_137' title='bbox 876 2743 1046 2829; x_wconf 90' lang='lat' dir='ltr'><strong>medico</strong></span> <span class='ocrx_word' id='word_1_138' title='bbox 1087 2765 1131 2826; x_wconf 95' lang='lat' dir='ltr'><strong>et</strong></span> <span class='ocrx_word' id='word_1_139' title='bbox 1169 2738 1419 2828; x_wconf 89' lang='lat' dir='ltr'><strong>mechanico</strong></span> <span class='ocrx_word' id='word_1_140' title='bbox 1447 2774 1541 2827; x_wconf 93' lang='lat' dir='ltr'><strong>usu1</strong></span> <span class='ocrx_word' id='word_1_141' title='bbox 1581 2742 1757 2846; x_wconf 90' lang='lat' dir='ltr'><strong>utilem,</strong></span> <span class='ocrx_word' id='word_1_142' title='bbox 1801 2742 1941 2828; x_wconf 89' lang='lat' dir='ltr'><strong>imoa</strong></span> 
     </span>
     <span class='ocr_line' id='line_1_17' title="bbox 253 2892 1941 3010; baseline 0.001 -33"><span class='ocrx_word' id='word_1_143' title='bbox 253 2894 396 2978; x_wconf 88' lang='lat' dir='ltr'><strong>multis</strong></span> <span class='ocrx_word' id='word_1_144' title='bbox 424 2898 712 2981; x_wconf 90' lang='lat' dir='ltr'><strong>comeduntur.</strong></span> <span class='ocrx_word' id='word_1_145' title='bbox 769 2901 943 2980; x_wconf 89' lang='lat' dir='ltr'><strong>Aestate</strong></span> <span class='ocrx_word' id='word_1_146' title='bbox 971 2892 1296 2979; x_wconf 87' lang='lat' dir='ltr'><strong>macilentiores.</strong></span> <span class='ocrx_word' id='word_1_147' title='bbox 1354 2901 1447 2978; x_wconf 92' lang='lat' dir='ltr'><strong>Ictu</strong></span> <span class='ocrx_word' id='word_1_148' title='bbox 1474 2894 1616 2980; x_wconf 87' lang='lat' dir='ltr'><strong>baculi</strong></span> <span class='ocrx_word' id='word_1_149' title='bbox 1644 2926 1767 3010; x_wconf 90' lang='lat' dir='ltr'><strong>supra</strong></span> <span class='ocrx_word' id='word_1_150' title='bbox 1795 2922 1941 2978; x_wconf 86' lang='lat' dir='ltr'><strong>nasum</strong></span> 
     </span>
     <span class='ocr_line' id='line_1_18' title="bbox 254 3043 1940 3162; baseline 0.001 -35"><span class='ocrx_word' id='word_1_151' title='bbox 254 3044 414 3129; x_wconf 85' lang='lat' dir='ltr'><strong>leviore</strong></span> <span class='ocrx_word' id='word_1_152' title='bbox 448 3077 660 3162; x_wconf 88' lang='lat' dir='ltr'><strong>syncopen</strong></span> <span class='ocrx_word' id='word_1_153' title='bbox 697 3046 884 3161; x_wconf 87' lang='lat' dir='ltr'><strong>patitur,</strong></span> <span class='ocrx_word' id='word_1_154' title='bbox 940 3068 986 3131; x_wconf 94' lang='lat' dir='ltr'><strong>et</strong></span> <span class='ocrx_word' id='word_1_155' title='bbox 1039 3045 1211 3130; x_wconf 78' lang='lat' dir='ltr'><strong>fortiore</strong></span> <span class='ocrx_word' id='word_1_156' title='bbox 1251 3074 1347 3129; x_wconf 92' lang='lat' dir='ltr'><strong>cum</strong></span> <span class='ocrx_word' id='word_1_157' title='bbox 1386 3043 1709 3160; x_wconf 85' lang='lat' dir='ltr'><strong>haemorrhagia</strong></span> <span class='ocrx_word' id='word_1_158' title='bbox 1752 3045 1940 3132; x_wconf 87' lang='lat' dir='ltr'><strong>moritur.</strong></span> 
     </span>
     <span class='ocr_line' id='line_1_19' title="bbox 252 3193 1943 3313; baseline 0.002 -36"><span class='ocrx_word' id='word_1_159' title='bbox 252 3193 373 3280; x_wconf 85' lang='lat' dir='ltr'><strong>Alias</strong></span> <span class='ocrx_word' id='word_1_160' title='bbox 400 3199 621 3281; x_wconf 84' lang='lat' dir='ltr'><strong>verberum</strong></span> <span class='ocrx_word' id='word_1_161' title='bbox 649 3220 693 3281; x_wconf 91' lang='lat' dir='ltr'><strong>et</strong></span> <span class='ocrx_word' id='word_1_162' title='bbox 721 3200 943 3281; x_wconf 90' lang='lat' dir='ltr'><strong>vulnerum</strong></span> <span class='ocrx_word' id='word_1_163' title='bbox 970 3195 1338 3313; x_wconf 90' lang='lat' dir='ltr'><strong>patientissimum.</strong></span> <span class='ocrx_word' id='word_1_164' title='bbox 1407 3197 1539 3282; x_wconf 85' lang='lat' dir='ltr'><strong>Pelles</strong></span> <span class='ocrx_word' id='word_1_165' title='bbox 1575 3198 1724 3313; x_wconf 84' lang='lat' dir='ltr'><strong>vulgus</strong></span> <span class='ocrx_word' id='word_1_166' title='bbox 1761 3198 1943 3286; x_wconf 81' lang='lat' dir='ltr'><strong>Cosalro·</strong></span> 
     </span>
     <span class='ocr_line' id='line_1_20' title="bbox 252 3347 1943 3464; baseline 0 -33"><span class='ocrx_word' id='word_1_167' title='bbox 252 3374 345 3431; x_wconf 85' lang='lat' dir='ltr'><strong>rum</strong></span> <span class='ocrx_word' id='word_1_168' title='bbox 380 3369 504 3463; x_wconf 86' lang='lat' dir='ltr'><strong>atque</strong></span> <span class='ocrx_word' id='word_1_169' title='bbox 539 3352 767 3433; x_wconf 92' lang='lat' dir='ltr'><strong>nomadum</strong></span> <span class='ocrx_word' id='word_1_170' title='bbox 794 3349 840 3432; x_wconf 91' lang='lat' dir='ltr'><strong>in</strong></span> <span class='ocrx_word' id='word_1_171' title='bbox 867 3347 1055 3461; x_wconf 90' lang='lat' dir='ltr'><strong>tegmina</strong></span> <span class='ocrx_word' id='word_1_172' title='bbox 1082 3348 1365 3462; x_wconf 87' lang='lat' dir='ltr'><strong>sclopetorum</strong></span> <span class='ocrx_word' id='word_1_173' title='bbox 1393 3369 1527 3463; x_wconf 85' lang='lat' dir='ltr'><strong>aptat,</strong></span> <span class='ocrx_word' id='word_1_174' title='bbox 1578 3349 1676 3464; x_wconf 90' lang='lat' dir='ltr'><strong>quia</strong></span> <span class='ocrx_word' id='word_1_175' title='bbox 1704 3348 1943 3463; x_wconf 89' lang='lat' dir='ltr'><strong>rubiginem</strong></span> 
     </span>
     <span class='ocr_line' id='line_1_21' title="bbox 253 3496 1943 3615; baseline 0.001 -34"><span class='ocrx_word' id='word_1_176' title='bbox 253 3521 298 3582; x_wconf 88' lang='lat' dir='ltr'><strong>et</strong></span> <span class='ocrx_word' id='word_1_177' title='bbox 322 3498 486 3615; x_wconf 86' lang='lat' dir='ltr'><strong>pluvias</strong></span> <span class='ocrx_word' id='word_1_178' title='bbox 514 3499 676 3614; x_wconf 92' lang='lat' dir='ltr'><strong>optime</strong></span> <span class='ocrx_word' id='word_1_179' title='bbox 707 3524 863 3585; x_wconf 90' lang='lat' dir='ltr'><strong>arcent.</strong></span> <span class='ocrx_word' id='word_1_180' title='bbox 934 3504 1091 3584; x_wconf 89' lang='lat' dir='ltr'><strong>Forsan</strong></span> <span class='ocrx_word' id='word_1_181' title='bbox 1129 3500 1261 3614; x_wconf 90' lang='lat' dir='ltr'><strong>pelles</strong></span> <span class='ocrx_word' id='word_1_182' title='bbox 1296 3496 1419 3600; x_wconf 88' lang='lat' dir='ltr'><strong>illae,</strong></span> <span class='ocrx_word' id='word_1_183' title='bbox 1464 3499 1574 3612; x_wconf 87' lang='lat' dir='ltr'><strong>apud</strong></span> <span class='ocrx_word' id='word_1_184' title='bbox 1601 3497 1850 3614; x_wconf 89' lang='lat' dir='ltr'><strong>Philologos</strong></span> <span class='ocrx_word' id='word_1_185' title='bbox 1877 3500 1943 3584; x_wconf 87' lang='lat' dir='ltr'><strong>ad·</strong></span> 
     </span>
    </p>
   </div>
   <div class='ocr_carea' id='block_1_5' title="bbox 253 3644 1944 3889">
    <p class='ocr_par' dir='ltr' id='par_1_5' title="bbox 253 3644 1944 3889">
     <span class='ocr_line' id='line_1_22' title="bbox 253 3644 1944 3767; baseline 0.003 -36"><span class='ocrx_word' id='word_1_186' title='bbox 253 3644 339 3735; x_wconf 88' lang='lat' dir='ltr'><strong>buc</strong></span> <span class='ocrx_word' id='word_1_187' title='bbox 367 3648 543 3745; x_wconf 91' lang='lat' dir='ltr'><strong>dubiae,</strong></span> <span class='ocrx_word' id='word_1_188' title='bbox 576 3649 732 3763; x_wconf 90' lang='lat' dir='ltr'><strong>quibus</strong></span> <span class='ocrx_word' id='word_1_189' title='bbox 760 3657 932 3767; x_wconf 86' lang='lat' dir='ltr'><strong>Moyses</strong></span> <span class='ocrx_word' id='word_1_190' title='bbox 958 3650 1273 3738; x_wconf 84' lang='lat' dir='ltr'><strong>tabernaculum</strong></span> <span class='ocrx_word' id='word_1_191' title='bbox 1299 3649 1348 3737; x_wconf 91' lang='lat' dir='ltr'><strong>in</strong></span> <span class='ocrx_word' id='word_1_192' title='bbox 1374 3652 1539 3735; x_wconf 87' lang='lat' dir='ltr'><strong>deserto</strong></span> <span class='ocrx_word' id='word_1_193' title='bbox 1567 3649 1779 3759; x_wconf 81' lang='lat' dir='ltr'><strong>contexit,</strong></span> <span class='ocrx_word' id='word_1_194' title='bbox 1823 3648 1944 3765; x_wconf 86' lang='lat' dir='ltr'><strong>hujus</strong></span> 
     </span>
     <span class='ocr_line' id='line_1_23' title="bbox 257 3796 606 3889; baseline 0.017 -7"><span class='ocrx_word' id='word_1_195' title='bbox 257 3796 449 3889; x_wconf 82' lang='lat' dir='ltr'><strong>animalis</strong></span> <span class='ocrx_word' id='word_1_196' title='bbox 476 3800 606 3888; x_wconf 84' lang='lat' dir='ltr'><strong>fuere.</strong></span> 
     </span>
    </p>
   </div>
   <div class='ocr_carea' id='block_1_6' title="bbox 255 4106 1946 4991">
    <p class='ocr_par' dir='ltr' id='par_1_6' title="bbox 255 4106 1946 4991">
     <span class='ocr_line' id='line_1_24' title="bbox 394 4106 1945 4227; baseline 0.004 -36"><span class='ocrx_word' id='word_1_197' title='bbox 394 4106 439 4190; x_wconf 91' lang='lat' dir='ltr'><em>N</em></span> <span class='ocrx_word' id='word_1_198' title='bbox 444 4127 545 4193; x_wconf 82' lang='lat' dir='ltr'><strong>ota.</strong></span> <span class='ocrx_word' id='word_1_199' title='bbox 601 4110 644 4195; x_wconf 85' lang='lat' dir='ltr'><em>V</em></span> <span class='ocrx_word' id='word_1_200' title='bbox 640 4120 851 4199; x_wconf 79' lang='lat' dir='ltr'><strong>arietatem</strong></span> <span class='ocrx_word' id='word_1_201' title='bbox 879 4112 1019 4201; x_wconf 88' lang='lat' dir='ltr'><strong>albam</strong></span> <span class='ocrx_word' id='word_1_202' title='bbox 1046 4113 1156 4227; x_wconf 84' lang='lat' dir='ltr'><strong>apud</strong></span> <span class='ocrx_word' id='word_1_203' title='bbox 1184 4141 1260 4197; x_wconf 91' lang='lat' dir='ltr'><strong>nos</strong></span> <span class='ocrx_word' id='word_1_204' title='bbox 1286 4139 1499 4224; x_wconf 89' lang='lat' dir='ltr'><strong>nunquam</strong></span> <span class='ocrx_word' id='word_1_205' title='bbox 1525 4111 1792 4197; x_wconf 84' lang='lat' dir='ltr'><strong>observatam</strong></span> <span class='ocrx_word' id='word_1_206' title='bbox 1823 4110 1945 4197; x_wconf 78' lang='lat' dir='ltr'><strong>ruisse</strong></span> 
     </span>
     <span class='ocr_line' id='line_1_25' title="bbox 258 4254 1946 4380; baseline 0.004 -39"><span class='ocrx_word' id='word_1_207' title='bbox 258 4254 514 4363; x_wconf 85' lang='lat' dir='ltr'><strong>audivimus,</strong></span> <span class='ocrx_word' id='word_1_208' title='bbox 549 4293 627 4347; x_wconf 91' lang='lat' dir='ltr'><strong>nec</strong></span> <span class='ocrx_word' id='word_1_209' title='bbox 655 4293 755 4377; x_wconf 86' lang='lat' dir='ltr'><strong>ego,</strong></span> <span class='ocrx_word' id='word_1_210' title='bbox 797 4296 876 4351; x_wconf 91' lang='lat' dir='ltr'><strong>nec</strong></span> <span class='ocrx_word' id='word_1_211' title='bbox 903 4293 1185 4380; x_wconf 87' lang='lat' dir='ltr'><strong>praecessores</strong></span> <span class='ocrx_word' id='word_1_212' title='bbox 1213 4262 1311 4347; x_wconf 92' lang='lat' dir='ltr'><strong>mei.</strong></span> <span class='ocrx_word' id='word_1_213' title='bbox 1383 4266 1556 4375; x_wconf 86' lang='lat' dir='ltr'><strong>Semper</strong></span> <span class='ocrx_word' id='word_1_214' title='bbox 1583 4260 1649 4343; x_wconf 89' lang='lat' dir='ltr'><strong>sui</strong></span> <span class='ocrx_word' id='word_1_215' title='bbox 1676 4261 1946 4349; x_wconf 89' lang='lat' dir='ltr'><strong>simillimum</strong></span> 
     </span>
     <span class='ocr_line' id='line_1_26' title="bbox 255 4412 1945 4531; baseline 0.005 -38"><span class='ocrx_word' id='word_1_216' title='bbox 255 4412 442 4497; x_wconf 89' lang='lat' dir='ltr'><strong>occurrit</strong></span> <span class='ocrx_word' id='word_1_217' title='bbox 466 4412 662 4519; x_wconf 88' lang='lat' dir='ltr'><strong>Animal,</strong></span> <span class='ocrx_word' id='word_1_218' title='bbox 706 4416 989 4531; x_wconf 87' lang='lat' dir='ltr'><strong>nullacunque</strong></span> <span class='ocrx_word' id='word_1_219' title='bbox 1016 4412 1171 4501; x_wconf 91' lang='lat' dir='ltr'><strong>coloris</strong></span> <span class='ocrx_word' id='word_1_220' title='bbox 1200 4412 1477 4499; x_wconf 86' lang='lat' dir='ltr'><strong>aberratione.</strong></span> <span class='ocrx_word' id='word_1_221' title='bbox 1535 4415 1661 4498; x_wconf 85' lang='lat' dir='ltr'><strong>Color</strong></span> <span class='ocrx_word' id='word_1_222' title='bbox 1687 4416 1836 4501; x_wconf 81' lang='lat' dir='ltr'><strong>subtus</strong></span> <span class='ocrx_word' id='word_1_223' title='bbox 1862 4412 1945 4531; x_wconf 74' lang='lat' dir='ltr'><strong>pel·</strong></span> 
     </span>
     <span class='ocr_line' id='line_1_27' title="bbox 256 4559 1946 4682; baseline 0.004 -39"><span class='ocrx_word' id='word_1_224' title='bbox 256 4559 404 4668; x_wconf 85' lang='lat' dir='ltr'><strong>lidior,</strong></span> <span class='ocrx_word' id='word_1_225' title='bbox 446 4565 576 4655; x_wconf 81' lang='lat' dir='ltr'><strong>fascia</strong></span> <span class='ocrx_word' id='word_1_226' title='bbox 614 4567 819 4653; x_wconf 83' lang='lat' dir='ltr'><strong>latissima</strong></span> <span class='ocrx_word' id='word_1_227' title='bbox 859 4590 946 4653; x_wconf 87' lang='lat' dir='ltr'><strong>atra</strong></span> <span class='ocrx_word' id='word_1_228' title='bbox 986 4564 1307 4677; x_wconf 88' lang='lat' dir='ltr'><strong>longitudinali,</strong></span> <span class='ocrx_word' id='word_1_229' title='bbox 1349 4563 1492 4679; x_wconf 86' lang='lat' dir='ltr'><strong>gulam</strong></span> <span class='ocrx_word' id='word_1_230' title='bbox 1531 4586 1667 4649; x_wconf 89' lang='lat' dir='ltr'><strong>totam</strong></span> <span class='ocrx_word' id='word_1_231' title='bbox 1704 4588 1880 4682; x_wconf 85' lang='lat' dir='ltr'><strong>tegente</strong></span> <span class='ocrx_word' id='word_1_232' title='bbox 1905 4584 1946 4649; x_wconf 83' lang='lat' dir='ltr'><strong>et</strong></span> 
     </span>
     <span class='ocr_line' id='line_1_28' title="bbox 256 4716 1944 4833; baseline 0.003 -37"><span class='ocrx_word' id='word_1_233' title='bbox 256 4740 354 4803; x_wconf 89' lang='lat' dir='ltr'><strong>cum</strong></span> <span class='ocrx_word' id='word_1_234' title='bbox 381 4739 546 4805; x_wconf 85' lang='lat' dir='ltr'><strong>artuum</strong></span> <span class='ocrx_word' id='word_1_235' title='bbox 573 4718 795 4833; x_wconf 88' lang='lat' dir='ltr'><strong>nigredine</strong></span> <span class='ocrx_word' id='word_1_236' title='bbox 825 4721 1075 4804; x_wconf 88' lang='lat' dir='ltr'><strong>confluente.</strong></span> <span class='ocrx_word' id='word_1_237' title='bbox 1133 4719 1271 4827; x_wconf 84' lang='lat' dir='ltr'><strong>Caput</strong></span> <span class='ocrx_word' id='word_1_238' title='bbox 1300 4718 1537 4815; x_wconf 90' lang='lat' dir='ltr'><strong>albescens,</strong></span> <span class='ocrx_word' id='word_1_239' title='bbox 1577 4738 1745 4831; x_wconf 88' lang='lat' dir='ltr'><strong>praeter</strong></span> <span class='ocrx_word' id='word_1_240' title='bbox 1770 4716 1944 4803; x_wconf 75' lang='lat' dir='ltr'><strong>luscium</strong></span> 
     </span>
     <span class='ocr_line' id='line_1_29' title="bbox 258 4863 1944 4991; baseline 0.006 -46"><span class='ocrx_word' id='word_1_241' title='bbox 258 4892 293 4963; x_wconf 81' lang='lat' dir='ltr'><strong>a¹</strong></span> <span class='ocrx_word' id='word_1_242' title='bbox 308 4893 410 4951; x_wconf 83' lang='lat' dir='ltr'><strong>naso</strong></span> <span class='ocrx_word' id='word_1_243' title='bbox 438 4869 547 4955; x_wconf 87' lang='lat' dir='ltr'><strong>ultra</strong></span> <span class='ocrx_word' id='word_1_244' title='bbox 575 4902 693 4961; x_wconf 88' lang='lat' dir='ltr'><strong>aures</strong></span> <span class='ocrx_word' id='word_1_245' title='bbox 720 4872 985 4991; x_wconf 85' lang='lat' dir='ltr'><strong>productam.</strong></span> <span class='ocrx_word' id='word_1_246' title='bbox 1051 4868 1167 4954; x_wconf 77' lang='lat' dir='ltr'><strong>Anus</strong></span> <span class='ocrx_word' id='word_1_247' title='bbox 1173 4927 1187 4968; x_wconf 92' lang='lat'><em>,</em></span> <span class='ocrx_word' id='word_1_248' title='bbox 1224 4874 1407 4981; x_wconf 80' lang='lat' dir='ltr'><strong>genitale</strong></span> <span class='ocrx_word' id='word_1_249' title='bbox 1448 4888 1492 4951; x_wconf 90' lang='lat' dir='ltr'><strong>et</strong></span> <span class='ocrx_word' id='word_1_250' title='bbox 1530 4877 1643 4955; x_wconf 83' lang='lat' dir='ltr'><strong>sinus</strong></span> <span class='ocrx_word' id='word_1_251' title='bbox 1682 4863 1944 4957; x_wconf 74' lang='lat' dir='ltr'><strong>subcaudalir</strong></span> 
     </span>
    </p>
   </div>
   <div class='ocr_carea' id='block_1_7' title="bbox 0 0 2219 5908">
    <p class='ocr_par' dir='ltr' id='par_1_7' title="bbox 0 0 2219 5908">
     <span class='ocr_line' id='line_1_30' title="bbox 0 0 2219 5908; baseline 0 0"><span class='ocrx_word' id='word_1_252' title='bbox 0 0 2219 5908; x_wconf 95' lang='lat' dir='ltr'><strong> </strong></span> 
     </span>
    </p>
   </div>
  </div>
 </body>
</html>
