4410 5910
1031 312 1178 367 ²²¹⁵·
1863 319 1953 411 341

255 509 366 602 biria
390 513 634 604 candidior:
661 518 740 604 sed
767 513 1079 634 hypoclondria
1106 535 1153 598 et
1179 514 1451 604 subcaudales
1480 518 1669 632 (praeter
1696 512 1864 635 apicem
1881 519 1952 604 'al-

253 666 310 752 bo
352 670 629 783 maculatum)
670 670 715 754 in
757 681 914 756 rossica
956 697 1033 750 are
1076 665 1244 752 intense
1285 666 1549 782 ferruginea,
1592 669 1639 754 iu
1666 670 1844 757 Sibirico
1872 670 1948 757 vix

251 848 416 903 summa
443 821 616 936 crepido
656 819 1081 937 hypochondriorum
1120 817 1438 934 ferruginescit,
1480 830 1651 907 crisswn
1676 821 1917 937 ferrugineo
1931 873 1948 892 ·

252 971 527 1085 variegatum.
594 976 765 1060 Coudoe
794 972 992 1060 rectrices
1023 1007 1061 1057 n.
1090 971 1256 1060 mediae
1285 974 1410 1056 dorso
1439 974 1708 1075 concolores,
1751 973 1948 1061 laterales

252 1120 424 1235 nigrae,
482 1123 602 1239 apice
630 1125 850 1223 cinereae,
905 1124 1090 1209 extimae
1118 1122 1316 1238 utrinque
1348 1159 1386 1210 a.
1417 1125 1486 1208 vel
1516 1137 1555 1210 3.
1584 1125 1714 1227 fascia
1741 1127 1947 1241 obliqua,

253 1273 427 1386 angulos
455 1280 614 1362 caudae
651 1277 771 1394 quasi
800 1300 983 1364 secante.
1056 1276 1249 1390 Remiges
1282 1289 1344 1360 ιθ.
1374 1276 1542 1377 fuscae,
1585 1298 1707 1364 extus
1742 1279 1950 1364 coerules·

251 1447 416 1531 centes,
447 1426 631 1514 extimae
660 1428 836 1515 interius
864 1427 977 1526 basi,
1005 1459 1102 1513 cum
1120 1423 1389 1531 tectricibus,
1420 1427 1555 1513 albae.
1610 1430 1741 1515 Pedes
1763 1429 1947 1534 robusti,

251 1574 421 1663 sordide
449 1580 744 1682 flavescentes,
773 1582 977 1694 unguibus
1004 1581 1153 1681 fuscis3
1180 1580 1352 1692 Digitus
1379 1579 1567 1669 exterior
1596 1580 1747 1666 arctius
1775 1583 1952 1666 adnatua

253 1726 412 1814 medio.
470 1734 639 1821 Plumae
666 1736 821 1833 laxae,
847 1761 990 1835 rarae,
1033 1729 1154 1816 utin
1182 1732 1312 1817 Paris.
1372 1733 1537 1818 Pondus
1563 1733 1610 1817 in
1637 1731 1793 1820 rossica
1821 1735 1876 1818 ad
1905 1737 1950 1820 6ι

249 1877 427 1967 drachm
467 1881 514 1967 in
544 1884 725 1970 Sibirica
752 1885 861 1968 infra
890 1899 913 1972 5
941 1887 1004 1969 dr.
1073 1883 1271 1970 Priorum
1302 1916 1495 1970 mensura
1523 1887 1577 1969 ad
1604 1883 1858 1999 uropygium
1887 1886 1951 1971 δ”.

259 2036 353 2115 ιο”’.
381 2038 538 2122 caudae
574 2036 631 2120 1“.
661 2045 732 2145 9‘''.
764 2034 888 2120 rostri
917 2038 990 2121 8''‘.
1055 2036 1233 2122 Alarum
1269 2037 1392 2119 ulnae
1424 2037 1483 2122 δ”.
1514 2041 1584 2122 3'‘'.
1603 2087 1655 2099 -
1673 2039 1815 2154 Hepar
1842 2031 1950 2120 bilo-

253 2182 376 2287 bum,
406 2186 571 2301 cystide
600 2189 730 2273 nulla.
790 2191 1045 2274 Ventriculus
1075 2189 1266 2273 avellana
1287 2195 1438 2300 major,
1470 2185 1804 2285 carnosissimus,
1833 2187 1953 2272 intus

253 2337 498 2422 membrana
552 2341 737 2443 callosa,
782 2341 856 2427 sed
884 2335 1022 2443 laevi,
1065 2339 1234 2455 lapillos
1262 2362 1405 2426 tamen
1434 2362 1650 2454 appetens.
1707 2341 1964 2425 intestinum

253 2500 280 2574 8
308 2489 402 2603 plus
429 2488 567 2574 minus
593 2492 821 2606 pollicum3
849 2511 1003 2578 rectum
1032 2489 1280 2610 ampliatum
1309 2497 1512 2576 8'''.coeco
1540 2489 1738 2609 utrinque
1766 2489 1948 2607 exiguo,

253 2638 327 2725 vix
367 2670 544 2756 granum
584 2642 697 2727 milii
738 2666 944 2759 aequante
973 2642 1169 2741 auritum.
1242 2650 1292 2726 In
1322 2645 1565 2760 deplumata
1601 2672 1681 2728 ave
1710 2642 1949 2730 meorbrono

252 2792 450 2907 utrinque
479 2795 531 2878 ab
558 2794 745 2879 humeris
788 2798 841 2880 ad
869 2796 1058 2880 medium
1099 2797 1185 2883 fere
1215 2796 1374 2887 collum
1415 2817 1547 2880 tensa.
1619 2797 1749 2880 Crura
1776 2820 1949 2912 quoque

253 2950 366 3056 plico
393 2968 565 3031 cutacea
592 2947 805 3044 fraenata;
862 2949 977 3060 quod
1005 2968 1049 3026 et
1075 2943 1121 3027 in
1149 2949 1285 3028 Loxio
1320 2947 1566 3032 Curvirostri
1593 2945 1786 3033 observo.
1858 2944 1952 3036 Fol-

251 3102 402 3184 liculus
428 3100 626 3183 sebaceus
652 3095 851 3214 uropygii
879 3095 1082 3209 insignis,
1113 3094 1324 3209 didymus.

808 3361 1013 3464 XXIll.
1087 3359 1126 3462 P
1168 3360 1213 3462 A
1256 3360 1298 3461 R
1339 3360 1372 3461 l.

394 3529 626 3617 Character
667 3527 861 3615 omnibus
903 3530 1022 3613 Paria
1063 3525 1283 3642 proprius,
1326 3525 1497 3613 habitus
1525 3549 1571 3614 et
1596 3555 1733 3614 mores
1773 3529 1950 3618 omnino

254 3682 519 3771 conveniunt
549 3680 645 3786 ari,
674 3683 864 3766 omnium
890 3676 1126 3764 borealium
1155 3677 1282 3763 facile
1311 3678 1673 3796 speciosissimae,
1717 3713 1843 3796 quam
1872 3684 1950 3768 Or·

253 3832 470 3949 nithologi
499 3832 716 3950 hucusque
744 3861 820 3949 per
849 3830 964 3916 varia
991 3860 1146 3944 genera
1174 3831 1446 3943 jactitarunt,
1488 3861 1678 3947 quaeque
1719 3831 1947 3948 Antiquio-

256 3987 372 4072 ribus
413 3985 582 4072 Garruli
619 3983 840 4072 bohemici
879 3981 1051 4068 nomine
1091 4005 1192 4069 nota
1233 3982 1328 4071 fuit.
1408 3983 1705 4099 Magnitudine
1747 3982 1951 4098 equidem

255 4140 419 4257 species
448 4137 629 4253 reliquas
657 4168 802 4224 omncs
831 4157 1022 4251 superat,
1065 4132 1367 4240 nihilosecius,
1413 4134 1667 4220 examinatis
1696 4132 1949 4220 characteri·

254 4293 356 4395 bus,
402 4318 524 4406 spero
565 4290 878 4376 consentientes
907 4317 975 4372 me
1018 4285 1261 4373 habiturum
1302 4310 1491 4402 posteros
1530 4285 1864 4403 Ornithologos,
1901 4307 1951 4372 ut

255 4441 359 4529 huic
389 4440 458 4524 avi
485 4443 658 4524 taudem
685 4443 804 4525 sedes
824 4438 870 4524 in
893 4467 1045 4552 genere
1073 4444 1272 4522 Parorum
1299 4439 1528 4556 tranquilla
1555 4461 1736 4525 maneat.
1794 4444 1947 4523 Forma

256 4601 378 4683 rostri
406 4592 656 4709 pedumque,
692 4616 838 4678 natura
866 4598 1118 4709 plumoginis
1144 4619 1260 4675 rarae
1288 4612 1333 4676 et
1361 4594 1599 4688 coloratae,
1643 4596 1946 4708 proportiones,

256 4779 341 4835 uox
371 4748 424 4831 ad
452 4767 622 4832 cantum
650 4743 795 4862 inepta
807 4805 822 4849 ,
850 4752 938 4832 vita
964 4739 1175 4860 hyemalia
1201 4741 1248 4831 in
1276 4743 1539 4850 borealibus,
1568 4754 1702 4832 victus
1728 4773 1752 4827 e
1783 4760 1948 4857 vegeta·

1483 4907 1505 4951 Ὀ
