4410 5910
416 662 601 765 Arata,
630 656 843 776 Canagice
863 656 909 744 in
930 662 1012 742 Ina.
1025 654 1203 762 Kadiak,
1232 654 1428 751 Piuclrta3
1453 647 1762 745 Tachukrschit
1784 658 1947 751 Hirtia

416 811 573 902 Cutilia
600 816 793 929 satrapa.
1619 838 1623 851 ³
1746 808 1749 813 ’
1875 838 1890 851 ··

359 1021 567 1138 Tangutis
598 1023 736 1108 Tsclri.
792 1020 961 1136 Ziganis
989 1022 1202 1108 Dshultell.
1898 986 1925 1035 x

361 1231 610 1319 Sinensibus
639 1234 791 1318 Glshen.
847 1229 1151 1349 Japonensibus
1179 1232 1269 1313 lna.

362 1440 559 1526 Armenia
593 1443 859 1544 Warzsclrun3
888 1438 1075 1525 foemina
1102 1442 1351 1525 Katzsclrun.

359 1648 699 1738 Camtschadalis
726 1651 881 1736 Koah'a.
940 1645 1137 1736 Coraecis
1164 1650 1347 1733 Hataan.

355 1857 667 1945 Tschuktschis
693 1862 864 1945 nomad.
893 1862 1092 1956 Haetten3
1125 1854 1372 1945 sedentariis
1399 1858 1613 1969 Kylsmylt.

387 2058 623 2185 Improprie
648 2091 868 2184 tamquam
895 2070 1085 2187 speciem
1120 2069 1258 2187 posui-
1279 2064 1455 2182 stirpem
1489 2069 1821 2157 domesticorum
1860 2071 1946 2159 ani·

250 2217 446 2321 melium,
485 2250 592 2335 quae
621 2244 710 2306 tota
740 2220 924 2307 hominis
952 2221 1160 2308 industria
1187 2242 1327 2307 creata
1355 2240 1438 2322 est,
1482 2249 1537 2304 ex
1565 2217 1762 2337 hybridis
1789 2223 1944 2309 verosi·

249 2350 434 2456 millime
463 2372 817 2486 generationibus,
848 2374 962 2459 canis
993 2374 1109 2459 aurei
1136 2370 1404 2489 praesertim,
1442 2402 1539 2456 cum
1581 2374 1702 2489 lupo,
1746 2376 1875 2490 vulpe
1904 2396 1946 2459 et

249 2523 359 2607 forte
400 2520 568 2637 hyaena
610 2524 786 2640 aliisque
826 2526 1146 2641 congeneribus.
1194 2523 1414 2609 ·Seorsi1'a.
1449 2506 1543 2607 earu
1577 2525 1721 2641 posui,
1762 2527 1865 2641 quia
1893 2528 1946 2612 ad

251 2675 412 2760 nullam
453 2672 604 2761 harum
641 2676 877 2793 specierum
903 2676 1178 2793 peculiariter
1206 2677 1425 2762 referenda
1467 2704 1556 2763 esse
1585 2675 1773 2777 videtum
1814 2676 1945 2793 magis

251 2824 368 2912 varia
397 2826 578 2945 quippe,
609 2850 653 2912 et
682 2822 813 2943 magis
841 2826 1095 2944 composita,
1127 2860 1253 2945 quam
1281 2826 1369 2911 ulla
1399 2825 1483 2911 alia
1511 2824 1841 2917 domesticorum
1862 2828 1945 2915 aui·

252 2979 442 3064 mulium.
472 3028 517 3046 -
559 2983 686 3066 Canis
715 2985 943 3091 familiaris
984 2984 1094 3097 apud
1132 3010 1277 3066 omnes
1319 2952 1497 3094 populos
1539 2981 1615 3063 sub
1656 2980 1944 3067 moderamine

250 3130 418 3244 Sceptri
447 3130 620 3217 Rossiae
648 3132 862 3236 viventes,
909 3132 1112 3232 occurrit;
1156 3130 1280 3248 ap'ud.
1313 3129 1517 3244 agricolas
1557 3152 1603 3214 et
1632 3135 1850 3218 Nomadas
1879 3163 1943 3219 cu·

252 3301 340 3364 atos
369 3311 543 3397 gregum
573 3307 617 3369 et
644 3284 946 3401 tugurioruma
968 3287 1081 3400 apud
1110 3280 1348 3369 venatorios
1378 3283 1556 3398 populos
1574 3312 1727 3387 ,comes
1756 3308 1809 3379 et¹
1826 3284 1943 3371 auxi·

251 3429 378 3517 liator
405 3435 616 3536 laborum3
646 3438 820 3521 tandem
849 3439 960 3551 apud
989 3458 1154 3549 gentes,
1184 3432 1230 3520 in
1258 3432 1411 3517 ultimo
1431 3424 1559 3518 Asiae
1583 3434 1756 3548 angulo,
1784 3430 1943 3519 iumen·

250 3604 297 3667 to
326 3607 537 3689 carentes,
569 3588 851 3707 jumentorum
880 3587 977 3672 loco
997 3587 1156 3672 servire
1183 3608 1365 3672 coactus.
1423 3586 1614 3671 Variatur
1643 3585 1831 3671 maxime
1860 3584 1943 3671 vul·

251 3734 374 3847 garir'
396 3766 474 3851 per
509 3738 708 3824 Sibiriarn
735 3761 799 3824 est
834 3750 950 3824 canis
1002 3751 1192 3841 matiana,
1237 3736 1423 3852 corporis
1452 3738 1726 3852 praestantia,
1770 3737 1941 3836 viribus,

253 3883 416 3988 animo,
459 3889 601 3975 colore
642 3914 687 3976 et
714 3891 821 3977 villo
849 3890 1042 4007 proxime
1070 3894 1127 3976 ad
1155 3897 1320 4005 Lupum
1345 3890 1564 3974 accedeus.
1633 3891 1762 4006 Apud
1790 3894 1943 3973 Noma-

252 4038 327 4119 das
354 4067 530 4153 magnae
557 4042 753 4129 Tatariae
781 4046 990 4142 Variatur,
1030 4041 1203 4160 propius
1231 4045 1285 4127 ad
1312 4070 1461 4125 canem
1489 4044 1843 4144 aureum'forma,
1889 4040 1942 4125 le·

253 4185 386 4273 vitate
415 4212 460 4275 et
485 4192 722 4307 gracilitate
753 4198 976 4298 accedens,
1007 4195 1241 4309 similisque
1270 4203 1363 4277 cani
1386 4200 1528 4310 grajo,
1572 4191 1822 4295 femoribus,
1853 4222 1941 4278 cau·

252 4341 307 4427 da
347 4364 392 4429 et
432 4374 557 4462 saepe
599 4345 766 4432 auribus
806 4345 999 4460 longiore
1039 4346 1143 4432 villo
1172 4344 1346 4458 jubetis,
1390 4344 1601 4433 coloribus
1631 4365 1674 4431 et
1704 4341 1942 4433 accessoriis

249 4494 365 4577 varie
409 4497 595 4610 degener
635 4520 679 4585 et
719 4529 796 4614 per
836 4499 1013 4585 selectas
1055 4498 1226 4614 copulas
1269 4499 1380 4614 apud
1421 4501 1660 4611 Europaeos
1705 4495 1940 4583 nobilitata.

250 4649 470 4733 Praeterea
512 4681 598 4736 non
639 4652 880 4765 infrequens
920 4663 1036 4738 canis
1077 4657 1256 4771 pumilus
1298 4649 1490 4751 villosus,
1533 4650 1783 4769 plerumque
1821 4650 1942 4736 ndat·

249 4822 371 4898 cens,
416 4830 544 4919 quem
584 4802 712 4889 facile
749 4833 827 4919 pro
853 4802 1041 4918 hybrida
1082 4802 1222 4922 vulpis
1264 4832 1475 4915 agnoscas.
1547 4806 1768 4887 Praeterea
1809 4796 1941 4886 omnia

250 4948 418 5061 generis
447 4954 642 5041 exoticae
670 4955 914 5060 varietates,
946 4964 1051 5070 (non
1080 4975 1261 5071 excepto
1290 4983 1395 5038 cane
1425 4951 1580 5067 depili,
1602 4958 1753 5068 'quem
1780 4948 1940 5068 saepius
