<?xml version="1.0" encoding="UTF-8"?>
<!DOCTYPE html PUBLIC "-//W3C//DTD XHTML 1.0 Transitional//EN"
    "http://www.w3.org/TR/xhtml1/DTD/xhtml1-transitional.dtd">
<html xmlns="http://www.w3.org/1999/xhtml" xml:lang="en" lang="en">
 <head>
  <title>
</title>
<meta http-equiv="Content-Type" content="text/html;charset=utf-8" />
  <meta name='ocr-system' content='tesseract 3.04.00' />
  <meta name='ocr-capabilities' content='ocr_page ocr_carea ocr_par ocr_line ocrx_word'/>
</head>
<body>
  <div class='ocr_page' id='page_1' title='image "./zoographiarosso01pallgoog_0088.png"; bbox 0 0 4410 5910; ppageno 0'>
   <div class='ocr_carea' id='block_1_1' title="bbox 252 405 1166 503">
    <p class='ocr_par' dir='ltr' id='par_1_1' title="bbox 252 405 1166 503">
     <span class='ocr_line' id='line_1_1' title="bbox 252 405 1166 503; baseline 0 0"><span class='ocrx_word' id='word_1_1' title='bbox 252 405 314 503; x_wconf 80' lang='lat'><strong>5⁶</strong></span> <span class='ocrx_word' id='word_1_2' title='bbox 1006 410 1166 493; x_wconf 78' lang='lat'>.··&#39;&#39;&#39;²&#39;·&#39;¹&#39;-</span> 
     </span>
    </p>
   </div>
   <div class='ocr_carea' id='block_1_2' title="bbox 161 605 1945 2378">
    <p class='ocr_par' dir='ltr' id='par_1_2' title="bbox 161 605 1945 2378">
     <span class='ocr_line' id='line_1_2' title="bbox 252 605 1945 725; baseline -0.006 -18"><span class='ocrx_word' id='word_1_3' title='bbox 252 616 446 717; x_wconf 87' lang='lat' dir='ltr'><strong>linearis,</strong></span> <span class='ocrx_word' id='word_1_4' title='bbox 490 608 828 697; x_wconf 80' lang='lat' dir='ltr'><strong>extremitatibus</strong></span> <span class='ocrx_word' id='word_1_5' title='bbox 870 605 986 711; x_wconf 89' lang='lat' dir='ltr'><strong>latis,</strong></span> <span class='ocrx_word' id='word_1_6' title='bbox 1031 612 1217 724; x_wconf 85' lang='lat' dir='ltr'><strong>pondere</strong></span> <span class='ocrx_word' id='word_1_7' title='bbox 1259 608 1548 725; x_wconf 86' lang='lat' dir='ltr'><strong>scrupulorum</strong></span> <span class='ocrx_word' id='word_1_8' title='bbox 1575 627 1616 714; x_wconf 78' lang='grc'><strong>4.</strong></span> <span class='ocrx_word' id='word_1_9' title='bbox 1687 609 1945 697; x_wconf 76' lang='lat' dir='ltr'><strong>Ventriculus</strong></span> 
     </span>
     <span class='ocr_line' id='line_1_3' title="bbox 161 760 1944 881; baseline -0.004 -24"><span class='ocrx_word' id='word_1_10' title='bbox 161 874 165 881; x_wconf 27' lang='grc' dir='ltr'>Ι</span> <span class='ocrx_word' id='word_1_11' title='bbox 255 765 492 867; x_wconf 86' lang='lat' dir='ltr'><strong>oviformis‚</strong></span> <span class='ocrx_word' id='word_1_12' title='bbox 523 763 795 875; x_wconf 83' lang='lat' dir='ltr'><strong>majusculus3</strong></span> <span class='ocrx_word' id='word_1_13' title='bbox 824 761 1163 850; x_wconf 83' lang='lat' dir='ltr'><strong>circumferentia</strong></span> <span class='ocrx_word' id='word_1_14' title='bbox 1197 797 1241 846; x_wconf 80' lang='lat' dir='ltr'><strong>ra</strong></span> <span class='ocrx_word' id='word_1_15' title='bbox 1274 761 1492 877; x_wconf 88' lang='lat' dir='ltr'><strong>pollicum.</strong></span> <span class='ocrx_word' id='word_1_16' title='bbox 1550 766 1735 849; x_wconf 79' lang='lat' dir='ltr'><strong>intestini</strong></span> <span class='ocrx_word' id='word_1_17' title='bbox 1762 760 1944 876; x_wconf 88' lang='lat' dir='ltr'><strong>longitu-</strong></span> 
     </span>
     <span class='ocr_line' id='line_1_4' title="bbox 252 914 1943 1033; baseline -0.006 -26"><span class='ocrx_word' id='word_1_18' title='bbox 252 924 308 1009; x_wconf 90' lang='lat' dir='ltr'><strong>do</strong></span> <span class='ocrx_word' id='word_1_19' title='bbox 339 953 361 1002; x_wconf 91' lang='lat' dir='ltr'><strong>a</strong></span> <span class='ocrx_word' id='word_1_20' title='bbox 390 919 543 1033; x_wconf 90' lang='lat' dir='ltr'><strong>pyloro</strong></span> <span class='ocrx_word' id='word_1_21' title='bbox 572 918 625 999; x_wconf 89' lang='lat' dir='ltr'><strong>ad</strong></span> <span class='ocrx_word' id='word_1_22' title='bbox 654 943 829 999; x_wconf 89' lang='lat' dir='ltr'><strong>coecum</strong></span> <span class='ocrx_word' id='word_1_23' title='bbox 858 929 881 1001; x_wconf 89' lang='lat'><em>5</em></span> <span class='ocrx_word' id='word_1_24' title='bbox 911 914 1008 1029; x_wconf 90' lang='lat' dir='ltr'><strong>ped.</strong></span> <span class='ocrx_word' id='word_1_25' title='bbox 1039 944 1135 1003; x_wconf 88' lang='lat' dir='ltr'><strong>cunr</strong></span> <span class='ocrx_word' id='word_1_26' title='bbox 1165 948 1186 996; x_wconf 83' lang='lat' dir='ltr'><strong>a</strong></span> <span class='ocrx_word' id='word_1_27' title='bbox 1217 914 1321 1028; x_wconf 88' lang='lat' dir='ltr'><strong>poll.</strong></span> <span class='ocrx_word' id='word_1_28' title='bbox 1351 944 1375 999; x_wconf 88' lang='lat' dir='ltr'><strong>a</strong></span> <span class='ocrx_word' id='word_1_29' title='bbox 1403 943 1533 1001; x_wconf 88' lang='lat' dir='ltr'><strong>coeco</strong></span> <span class='ocrx_word' id='word_1_30' title='bbox 1556 916 1754 999; x_wconf 83' lang='lat' dir='ltr'><strong>edanum</strong></span> <span class='ocrx_word' id='word_1_31' title='bbox 1774 915 1943 1000; x_wconf 80' lang='lat' dir='ltr'><strong>rr&#39;‘.3&#39;‘&#39;.</strong></span> 
     </span>
     <span class='ocr_line' id='line_1_5' title="bbox 251 1060 1944 1187; baseline -0.005 -30"><span class='ocrx_word' id='word_1_32' title='bbox 251 1067 452 1187; x_wconf 87' lang='lat' dir='ltr'><strong>tripedali</strong></span> <span class='ocrx_word' id='word_1_33' title='bbox 482 1100 505 1152; x_wconf 90' lang='lat' dir='ltr'><strong>a</strong></span> <span class='ocrx_word' id='word_1_34' title='bbox 533 1066 684 1181; x_wconf 91' lang='lat' dir='ltr'><strong>pyloro</strong></span> <span class='ocrx_word' id='word_1_35' title='bbox 714 1063 914 1148; x_wconf 84' lang='lat' dir='ltr'><strong>distantia</strong></span> <span class='ocrx_word' id='word_1_36' title='bbox 943 1095 1037 1148; x_wconf 89' lang='lat' dir='ltr'><strong>area</strong></span> <span class='ocrx_word' id='word_1_37' title='bbox 1074 1064 1306 1150; x_wconf 88' lang='lat' dir='ltr'><strong>orbiculata</strong></span> <span class='ocrx_word' id='word_1_38' title='bbox 1346 1064 1610 1177; x_wconf 85' lang='lat' dir='ltr'><strong>glandulosa‚</strong></span> <span class='ocrx_word' id='word_1_39' title='bbox 1654 1086 1699 1149; x_wconf 93' lang='lat' dir='ltr'><strong>et</strong></span> <span class='ocrx_word' id='word_1_40' title='bbox 1737 1064 1845 1150; x_wconf 85' lang='lat' dir='ltr'><strong>inde</strong></span> <span class='ocrx_word' id='word_1_41' title='bbox 1882 1060 1944 1148; x_wconf 85' lang='lat' dir='ltr'><strong>di·</strong></span> 
     </span>
     <span class='ocr_line' id='line_1_6' title="bbox 252 1213 1943 1318; baseline -0.004 -11"><span class='ocrx_word' id='word_1_42' title='bbox 252 1221 407 1310; x_wconf 81' lang='lat' dir='ltr'><strong>stantia</strong></span> <span class='ocrx_word' id='word_1_43' title='bbox 438 1220 497 1305; x_wconf 68' lang='grc' dir='ltr'><strong>δ”.</strong></span> <span class='ocrx_word' id='word_1_44' title='bbox 529 1221 599 1302; x_wconf 85' lang='grc'><strong>6’”.</strong></span> <span class='ocrx_word' id='word_1_45' title='bbox 630 1215 712 1299; x_wconf 90' lang='lat' dir='ltr'><strong>alia</strong></span> <span class='ocrx_word' id='word_1_46' title='bbox 741 1214 899 1318; x_wconf 87' lang='lat' dir='ltr'><strong>minor,</strong></span> <span class='ocrx_word' id='word_1_47' title='bbox 939 1218 1049 1299; x_wconf 90' lang='lat' dir='ltr'><strong>unde</strong></span> <span class='ocrx_word' id='word_1_48' title='bbox 1079 1219 1326 1299; x_wconf 88' lang='lat' dir='ltr'><strong>adtenuatur</strong></span> <span class='ocrx_word' id='word_1_49' title='bbox 1353 1213 1600 1309; x_wconf 87' lang='lat' dir='ltr'><strong>intestinum</strong></span> <span class='ocrx_word' id='word_1_50' title='bbox 1641 1213 1772 1302; x_wconf 87' lang='lat' dir='ltr'><strong>ileon.</strong></span> <span class='ocrx_word' id='word_1_51' title='bbox 1842 1217 1943 1301; x_wconf 76' lang='lat' dir='ltr'><strong>coe·</strong></span> 
     </span>
     <span class='ocr_line' id='line_1_7' title="bbox 251 1367 1943 1467; baseline -0.004 -9"><span class='ocrx_word' id='word_1_52' title='bbox 251 1406 345 1458; x_wconf 87' lang='lat' dir='ltr'><strong>cum</strong></span> <span class='ocrx_word' id='word_1_53' title='bbox 380 1371 426 1455; x_wconf 91' lang='lat' dir='ltr'><strong>in</strong></span> <span class='ocrx_word' id='word_1_54' title='bbox 468 1371 571 1452; x_wconf 91' lang='lat' dir='ltr'><strong>duos</strong></span> <span class='ocrx_word' id='word_1_55' title='bbox 614 1368 820 1462; x_wconf 86' lang='lat' dir='ltr'><strong>anfractus</strong></span> <span class='ocrx_word' id='word_1_56' title='bbox 862 1368 1153 1467; x_wconf 87' lang='lat' dir='ltr'><strong>convolutum,</strong></span> <span class='ocrx_word' id='word_1_57' title='bbox 1196 1387 1388 1451; x_wconf 81' lang='lat' dir='ltr'><strong>extremo</strong></span> <span class='ocrx_word' id='word_1_58' title='bbox 1430 1367 1728 1455; x_wconf 78' lang='lat' dir='ltr'><strong>subclevatum.</strong></span> <span class='ocrx_word' id='word_1_59' title='bbox 1800 1367 1943 1451; x_wconf 77' lang='lat' dir='ltr'><strong>Psalmo</strong></span> 
     </span>
     <span class='ocr_line' id='line_1_8' title="bbox 252 1516 1943 1634; baseline -0.005 -25"><span class='ocrx_word' id='word_1_60' title='bbox 252 1526 396 1609; x_wconf 79' lang='lat' dir='ltr'><strong>dexter</strong></span> <span class='ocrx_word' id='word_1_61' title='bbox 437 1518 727 1634; x_wconf 88' lang='lat' dir='ltr'><strong>quadrilobus,</strong></span> <span class='ocrx_word' id='word_1_62' title='bbox 771 1546 903 1630; x_wconf 87' lang='lat' dir='ltr'><strong>azygo</strong></span> <span class='ocrx_word' id='word_1_63' title='bbox 930 1547 1081 1632; x_wconf 89' lang='lat' dir='ltr'><strong>parvo,</strong></span> <span class='ocrx_word' id='word_1_64' title='bbox 1124 1527 1283 1601; x_wconf 78' lang='lat' dir='ltr'><strong>sinister</strong></span> <span class='ocrx_word' id='word_1_65' title='bbox 1308 1516 1499 1603; x_wconf 90' lang='lat' dir='ltr'><strong>trilobus.</strong></span> <span class='ocrx_word' id='word_1_66' title='bbox 1569 1522 1720 1611; x_wconf 84' lang='lat' dir='ltr'><strong>Costae</strong></span> <span class='ocrx_word' id='word_1_67' title='bbox 1756 1531 1817 1604; x_wconf 81' lang='lat'><strong>13.</strong></span> <span class='ocrx_word' id='word_1_68' title='bbox 1847 1547 1943 1632; x_wconf 88' lang='lat' dir='ltr'><strong>qua·</strong></span> 
     </span>
     <span class='ocr_line' id='line_1_9' title="bbox 252 1666 1943 1781; baseline -0.005 -20"><span class='ocrx_word' id='word_1_69' title='bbox 252 1706 345 1761; x_wconf 88' lang='lat' dir='ltr'><strong>rum</strong></span> <span class='ocrx_word' id='word_1_70' title='bbox 387 1699 585 1780; x_wconf 83' lang='lat' dir='ltr'><strong>9verae3</strong></span> <span class='ocrx_word' id='word_1_71' title='bbox 629 1667 853 1781; x_wconf 87' lang='lat' dir='ltr'><strong>longitudo</strong></span> <span class='ocrx_word' id='word_1_72' title='bbox 894 1670 1179 1757; x_wconf 80' lang='lat' dir='ltr'><strong>vertebrarum</strong></span> <span class='ocrx_word' id='word_1_73' title='bbox 1221 1666 1411 1765; x_wconf 89' lang='lat' dir='ltr'><strong>omnium</strong></span> <span class='ocrx_word' id='word_1_74' title='bbox 1452 1667 1555 1753; x_wconf 91' lang='lat' dir='ltr'><strong>colli</strong></span> <span class='ocrx_word' id='word_1_75' title='bbox 1597 1672 1657 1754; x_wconf 79' lang='lat'><strong>3¹¹.</strong></span> <span class='ocrx_word' id='word_1_76' title='bbox 1694 1670 1786 1753; x_wconf 87' lang='lat' dir='ltr'><strong>rr“&#39;.</strong></span> <span class='ocrx_word' id='word_1_77' title='bbox 1831 1667 1943 1753; x_wconf 87' lang='lat' dir='ltr'><strong>dorsi</strong></span> 
     </span>
     <span class='ocr_line' id='line_1_10' title="bbox 259 1817 1942 1934; baseline -0.005 -22"><span class='ocrx_word' id='word_1_78' title='bbox 259 1826 340 1915; x_wconf 77' lang='lat'>13&#39;‘.</span> <span class='ocrx_word' id='word_1_79' title='bbox 358 1829 429 1911; x_wconf 87' lang='lat'>6&#39;&#39;&#39;.</span> <span class='ocrx_word' id='word_1_80' title='bbox 460 1820 713 1906; x_wconf 87' lang='lat' dir='ltr'><strong>lumbarium</strong></span> <span class='ocrx_word' id='word_1_81' title='bbox 728 1842 889 1934; x_wconf 88' lang='lat' dir='ltr'><strong>septem</strong></span> <span class='ocrx_word' id='word_1_82' title='bbox 906 1826 966 1923; x_wconf 67' lang='lat'><strong>4‘2</strong></span> <span class='ocrx_word' id='word_1_83' title='bbox 983 1820 1054 1904; x_wconf 83' lang='lat'><strong>8“&#39;.</strong></span> <span class='ocrx_word' id='word_1_84' title='bbox 1083 1819 1190 1904; x_wconf 91' lang='lat' dir='ltr'><strong>sacri</strong></span> <span class='ocrx_word' id='word_1_85' title='bbox 1217 1817 1263 1909; x_wconf 85' lang='lat' dir='ltr'><strong>in</strong></span> <span class='ocrx_word' id='word_1_86' title='bbox 1291 1839 1375 1903; x_wconf 90' lang='lat' dir='ltr'><strong>tres</strong></span> <span class='ocrx_word' id='word_1_87' title='bbox 1404 1821 1615 1917; x_wconf 77' lang='lat' dir='ltr'><strong>vertebras</strong></span> <span class='ocrx_word' id='word_1_88' title='bbox 1644 1818 1773 1905; x_wconf 87' lang='lat' dir='ltr'><strong>divisi</strong></span> <span class='ocrx_word' id='word_1_89' title='bbox 1802 1820 1857 1905; x_wconf 87' lang='lat' dir='ltr'><strong>r‘&#39;.</strong></span> <span class='ocrx_word' id='word_1_90' title='bbox 1875 1822 1942 1904; x_wconf 71' lang='lat'><strong>2⁰2</strong></span> 
     </span>
     <span class='ocr_line' id='line_1_11' title="bbox 252 1940 1941 2088; baseline -0.005 -25"><span class='ocrx_word' id='word_1_91' title='bbox 252 1978 385 2062; x_wconf 92' lang='lat' dir='ltr'><strong>cauda</strong></span> <span class='ocrx_word' id='word_1_92' title='bbox 414 1940 1003 2088; x_wconf 66' lang='lat' dir='ltr'><strong>septemdecim-articulata</strong></span> <span class='ocrx_word' id='word_1_93' title='bbox 1055 1974 1291 2068; x_wconf 77' lang='lat' dir='ltr'><strong>claviculae</strong></span> <span class='ocrx_word' id='word_1_94' title='bbox 1321 1969 1542 2071; x_wconf 87' lang='lat' dir='ltr'><strong>minimae,</strong></span> <span class='ocrx_word' id='word_1_95' title='bbox 1574 1970 1648 2056; x_wconf 87' lang='lat' dir='ltr'><strong>vix</strong></span> <span class='ocrx_word' id='word_1_96' title='bbox 1679 1973 1749 2054; x_wconf 82' lang='lat' dir='ltr'><strong>a&#39;&#39;&#39;.</strong></span> <span class='ocrx_word' id='word_1_97' title='bbox 1779 1971 1941 2085; x_wconf 84' lang='lat' dir='ltr'><strong>longae,</strong></span> 
     </span>
     <span class='ocr_line' id='line_1_12' title="bbox 251 2119 1944 2241; baseline -0.003 -29"><span class='ocrx_word' id='word_1_98' title='bbox 251 2126 298 2216; x_wconf 90' lang='lat' dir='ltr'><strong>in</strong></span> <span class='ocrx_word' id='word_1_99' title='bbox 339 2124 433 2241; x_wconf 91' lang='lat' dir='ltr'><strong>ipso</strong></span> <span class='ocrx_word' id='word_1_100' title='bbox 483 2158 527 2207; x_wconf 82' lang='lat' dir='ltr'><strong>ra</strong></span> <span class='ocrx_word' id='word_1_101' title='bbox 558 2123 662 2237; x_wconf 90' lang='lat' dir='ltr'><strong>poll.</strong></span> <span class='ocrx_word' id='word_1_102' title='bbox 706 2123 845 2236; x_wconf 88' lang='lat' dir='ltr'><strong>capite</strong></span> <span class='ocrx_word' id='word_1_103' title='bbox 886 2120 1053 2206; x_wconf 91' lang='lat' dir='ltr'><strong>humeri</strong></span> <span class='ocrx_word' id='word_1_104' title='bbox 1095 2122 1211 2205; x_wconf 88' lang='lat' dir='ltr'><strong>sitae.</strong></span> <span class='ocrx_word' id='word_1_105' title='bbox 1278 2122 1382 2205; x_wconf 89' lang='lat' dir='ltr'><strong>Ossa</strong></span> <span class='ocrx_word' id='word_1_106' title='bbox 1412 2143 1575 2204; x_wconf 89' lang='lat' dir='ltr'><strong>artuum</strong></span> <span class='ocrx_word' id='word_1_107' title='bbox 1603 2119 1791 2236; x_wconf 90' lang='lat' dir='ltr'><strong>priorum</strong></span> <span class='ocrx_word' id='word_1_108' title='bbox 1819 2122 1944 2237; x_wconf 91' lang='lat' dir='ltr'><strong>paulo</strong></span> 
     </span>
     <span class='ocr_line' id='line_1_13' title="bbox 252 2271 1944 2378; baseline -0.002 -15"><span class='ocrx_word' id='word_1_109' title='bbox 252 2274 500 2365; x_wconf 86' lang='lat' dir='ltr'><strong>robustiora.</strong></span> <span class='ocrx_word' id='word_1_110' title='bbox 578 2274 698 2358; x_wconf 86' lang='lat' dir='ltr'><strong>Penis</strong></span> <span class='ocrx_word' id='word_1_111' title='bbox 747 2271 995 2378; x_wconf 87' lang='lat' dir='ltr'><strong>binodosus,</strong></span> <span class='ocrx_word' id='word_1_112' title='bbox 1046 2303 1138 2372; x_wconf 82' lang='lat' dir='ltr'><strong>osse</strong></span> <span class='ocrx_word' id='word_1_113' title='bbox 1179 2272 1405 2371; x_wconf 84' lang='lat' dir='ltr'><strong>instructus</strong></span> <span class='ocrx_word' id='word_1_114' title='bbox 1446 2294 1581 2377; x_wconf 80' lang='lat' dir='ltr'><strong>recto,</strong></span> <span class='ocrx_word' id='word_1_115' title='bbox 1633 2273 1813 2377; x_wconf 89' lang='lat' dir='ltr'><strong>sulcato,</strong></span> <span class='ocrx_word' id='word_1_116' title='bbox 1858 2273 1944 2359; x_wconf 85' lang='lat' dir='ltr'><strong>lon·</strong></span> 
     </span>
    </p>
   </div>
   <div class='ocr_carea' id='block_1_3' title="bbox 252 2425 636 2547">
    <p class='ocr_par' dir='ltr' id='par_1_3' title="bbox 252 2425 636 2547">
     <span class='ocr_line' id='line_1_14' title="bbox 252 2425 636 2547; baseline -0.008 -35"><span class='ocrx_word' id='word_1_117' title='bbox 252 2425 445 2547; x_wconf 84' lang='lat' dir='ltr'><strong>gitudine</strong></span> <span class='ocrx_word' id='word_1_118' title='bbox 476 2425 535 2511; x_wconf 81' lang='lat' dir='ltr'><strong>a&#39;&#39;.</strong></span> <span class='ocrx_word' id='word_1_119' title='bbox 566 2432 636 2512; x_wconf 64' lang='lat' dir='ltr'><strong>dm.</strong></span> 
     </span>
    </p>
   </div>
   <div class='ocr_carea' id='block_1_4' title="bbox 365 2688 1942 2852">
    <p class='ocr_par' dir='ltr' id='par_1_4' title="bbox 365 2688 1942 2852">
     <span class='ocr_line' id='line_1_15' title="bbox 365 2688 1942 2852; baseline -0.001 -35"><span class='ocrx_word' id='word_1_120' title='bbox 365 2739 414 2817; x_wconf 87' lang='lat' dir='ltr'><strong>B.</strong></span> <span class='ocrx_word' id='word_1_121' title='bbox 446 2735 488 2816; x_wconf 87' lang='lat' dir='ltr'><em>V</em></span> <span class='ocrx_word' id='word_1_122' title='bbox 491 2739 688 2818; x_wconf 81' lang='lat' dir='ltr'><strong>arietes</strong></span> <span class='ocrx_word' id='word_1_123' title='bbox 715 2732 909 2847; x_wconf 83' lang='lat' dir='ltr'><strong>frequens</strong></span> <span class='ocrx_word' id='word_1_124' title='bbox 937 2734 1099 2852; x_wconf 88' lang='lat' dir='ltr'><strong>Lagopi</strong></span> <span class='ocrx_word' id='word_1_125' title='bbox 1128 2736 1303 2821; x_wconf 89' lang='lat' dir='ltr'><strong>obscura</strong></span> <span class='ocrx_word' id='word_1_126' title='bbox 1331 2762 1403 2817; x_wconf 89' lang='lat' dir='ltr'><strong>seu</strong></span> <span class='ocrx_word' id='word_1_127' title='bbox 1430 2733 1798 2848; x_wconf 79' lang='lat' dir='ltr'><strong>plumbeo-fusca,</strong></span> <span class='ocrx_word' id='word_1_128' title='bbox 1837 2688 1942 2847; x_wconf 78' lang='lat' dir='ltr'><strong>quae</strong></span> 
     </span>
    </p>
   </div>
   <div class='ocr_carea' id='block_1_5' title="bbox 254 2881 1946 4963">
    <p class='ocr_par' dir='ltr' id='par_1_5' title="bbox 254 2881 1946 4963">
     <span class='ocr_line' id='line_1_16' title="bbox 254 2881 1943 2999; baseline -0.002 -28"><span class='ocrx_word' id='word_1_129' title='bbox 254 2884 411 2998; x_wconf 88' lang='lat' dir='ltr'><strong>hyeme</strong></span> <span class='ocrx_word' id='word_1_130' title='bbox 454 2912 621 2999; x_wconf 88' lang='lat' dir='ltr'><strong>quoque</strong></span> <span class='ocrx_word' id='word_1_131' title='bbox 663 2883 760 2968; x_wconf 89' lang='lat' dir='ltr'><strong>talis</strong></span> <span class='ocrx_word' id='word_1_132' title='bbox 803 2887 1005 2995; x_wconf 86' lang='lat' dir='ltr'><strong>(Golaboi</strong></span> <span class='ocrx_word' id='word_1_133' title='bbox 1032 2890 1175 2974; x_wconf 86' lang='lat' dir='ltr'><strong>Pessez</strong></span> <span class='ocrx_word' id='word_1_134' title='bbox 1203 2885 1393 2995; x_wconf 89' lang='lat' dir='ltr'><strong>Rossis),</strong></span> <span class='ocrx_word' id='word_1_135' title='bbox 1436 2907 1528 2968; x_wconf 92' lang='lat' dir='ltr'><strong>toto</strong></span> <span class='ocrx_word' id='word_1_136' title='bbox 1565 2913 1740 2999; x_wconf 90' lang='lat' dir='ltr'><strong>corpore</strong></span> <span class='ocrx_word' id='word_1_137' title='bbox 1776 2881 1943 2969; x_wconf 90' lang='lat' dir='ltr'><strong>subuni-</strong></span> 
     </span>
     <span class='ocr_line' id='line_1_17' title="bbox 254 3031 1943 3154; baseline -0.002 -33"><span class='ocrx_word' id='word_1_138' title='bbox 254 3035 400 3137; x_wconf 89' lang='lat' dir='ltr'><strong>formi,</strong></span> <span class='ocrx_word' id='word_1_139' title='bbox 438 3034 688 3148; x_wconf 87' lang='lat' dir='ltr'><strong>persistente</strong></span> <span class='ocrx_word' id='word_1_140' title='bbox 717 3037 934 3122; x_wconf 85' lang='lat' dir='ltr'><strong>fuscedine</strong></span> <span class='ocrx_word' id='word_1_141' title='bbox 962 3038 1117 3138; x_wconf 81' lang='lat' dir='ltr'><strong>tirrcta3</strong></span> <span class='ocrx_word' id='word_1_142' title='bbox 1160 3037 1346 3154; x_wconf 86' lang='lat' dir='ltr'><strong>optimae</strong></span> <span class='ocrx_word' id='word_1_143' title='bbox 1375 3058 1517 3137; x_wconf 88' lang='lat' dir='ltr'><strong>notae,</strong></span> <span class='ocrx_word' id='word_1_144' title='bbox 1564 3066 1588 3119; x_wconf 91' lang='lat' dir='ltr'><strong>e</strong></span> <span class='ocrx_word' id='word_1_145' title='bbox 1624 3031 1943 3123; x_wconf 84' lang='lat' dir='ltr'><strong>cocmlescenti·</strong></span> 
     </span>
     <span class='ocr_line' id='line_1_18' title="bbox 255 3184 1943 3302; baseline -0.001 -31"><span class='ocrx_word' id='word_1_146' title='bbox 255 3188 389 3288; x_wconf 84' lang='lat' dir='ltr'><strong>fusca,</strong></span> <span class='ocrx_word' id='word_1_147' title='bbox 433 3194 597 3300; x_wconf 75' lang='lat' dir='ltr'><strong>peiores</strong></span> <span class='ocrx_word' id='word_1_148' title='bbox 631 3216 657 3267; x_wconf 91' lang='lat' dir='ltr'><strong>e</strong></span> <span class='ocrx_word' id='word_1_149' title='bbox 685 3187 803 3271; x_wconf 87' lang='lat' dir='ltr'><strong>fusco</strong></span> <span class='ocrx_word' id='word_1_150' title='bbox 819 3238 834 3251; x_wconf 91' lang='lat'><strong>·</strong></span> <span class='ocrx_word' id='word_1_151' title='bbox 849 3191 1164 3273; x_wconf 84' lang='lat' dir='ltr'><strong>coerulescente</strong></span> <span class='ocrx_word' id='word_1_152' title='bbox 1193 3184 1373 3288; x_wconf 88' lang='lat' dir='ltr'><strong>cinerei,</strong></span> <span class='ocrx_word' id='word_1_153' title='bbox 1415 3184 1589 3302; x_wconf 89' lang='lat' dir='ltr'><strong>pessimi</strong></span> <span class='ocrx_word' id='word_1_154' title='bbox 1616 3184 1943 3275; x_wconf 84' lang='lat' dir='ltr'><strong>fusco-cineras·</strong></span> 
     </span>
     <span class='ocr_line' id='line_1_19' title="bbox 255 3335 1944 3453; baseline -0.001 -30"><span class='ocrx_word' id='word_1_155' title='bbox 255 3360 418 3440; x_wconf 87' lang='lat' dir='ltr'><strong>centes,</strong></span> <span class='ocrx_word' id='word_1_156' title='bbox 463 3338 532 3420; x_wconf 92' lang='lat' dir='ltr'><strong>vel</strong></span> <span class='ocrx_word' id='word_1_157' title='bbox 562 3335 777 3421; x_wconf 88' lang='lat' dir='ltr'><strong>fuscedine</strong></span> <span class='ocrx_word' id='word_1_158' title='bbox 808 3341 898 3427; x_wconf 91' lang='lat' dir='ltr'><strong>rufo</strong></span> <span class='ocrx_word' id='word_1_159' title='bbox 926 3342 1221 3452; x_wconf 86' lang='lat' dir='ltr'><strong>degenerante.</strong></span> <span class='ocrx_word' id='word_1_160' title='bbox 1286 3345 1337 3422; x_wconf 91' lang='lat' dir='ltr'><strong>In</strong></span> <span class='ocrx_word' id='word_1_161' title='bbox 1374 3335 1442 3423; x_wconf 89' lang='lat' dir='ltr'><strong>his</strong></span> <span class='ocrx_word' id='word_1_162' title='bbox 1469 3336 1663 3427; x_wconf 88' lang='lat' dir='ltr'><strong>omnibus</strong></span> <span class='ocrx_word' id='word_1_163' title='bbox 1690 3358 1818 3451; x_wconf 89' lang='lat' dir='ltr'><strong>caput</strong></span> <span class='ocrx_word' id='word_1_164' title='bbox 1845 3335 1944 3453; x_wconf 84' lang='lat' dir='ltr'><strong>pilis</strong></span> 
     </span>
     <span class='ocr_line' id='line_1_20' title="bbox 255 3483 1944 3601; baseline -0.002 -27"><span class='ocrx_word' id='word_1_165' title='bbox 255 3487 412 3574; x_wconf 86' lang='lat' dir='ltr'><strong>crebris</strong></span> <span class='ocrx_word' id='word_1_166' title='bbox 442 3487 570 3590; x_wconf 89' lang='lat' dir='ltr'><strong>albis,</strong></span> <span class='ocrx_word' id='word_1_167' title='bbox 613 3487 921 3601; x_wconf 88' lang='lat' dir='ltr'><strong>copiosioribus</strong></span> <span class='ocrx_word' id='word_1_168' title='bbox 951 3520 1090 3574; x_wconf 90' lang='lat' dir='ltr'><strong>versus</strong></span> <span class='ocrx_word' id='word_1_169' title='bbox 1127 3514 1325 3591; x_wconf 88' lang='lat' dir='ltr'><strong>rostrum,</strong></span> <span class='ocrx_word' id='word_1_170' title='bbox 1369 3487 1575 3591; x_wconf 89' lang='lat' dir='ltr'><strong>canescit,</strong></span> <span class='ocrx_word' id='word_1_171' title='bbox 1618 3486 1712 3601; x_wconf 90' lang='lat' dir='ltr'><strong>ipso</strong></span> <span class='ocrx_word' id='word_1_172' title='bbox 1739 3509 1873 3573; x_wconf 85' lang='lat' dir='ltr'><strong>rostro</strong></span> <span class='ocrx_word' id='word_1_173' title='bbox 1900 3483 1944 3571; x_wconf 84' lang='lat' dir='ltr'><strong>iu</strong></span> 
     </span>
     <span class='ocr_line' id='line_1_21' title="bbox 256 3633 1944 3756; baseline -0.004 -29"><span class='ocrx_word' id='word_1_174' title='bbox 256 3640 508 3754; x_wconf 88' lang='lat' dir='ltr'><strong>quibusdam</strong></span> <span class='ocrx_word' id='word_1_175' title='bbox 536 3638 662 3752; x_wconf 87' lang='lat' dir='ltr'><strong>plane</strong></span> <span class='ocrx_word' id='word_1_176' title='bbox 690 3639 826 3738; x_wconf 88' lang='lat' dir='ltr'><strong>fusco;</strong></span> <span class='ocrx_word' id='word_1_177' title='bbox 871 3640 1120 3753; x_wconf 88' lang='lat' dir='ltr'><strong>quibusdam</strong></span> <span class='ocrx_word' id='word_1_178' title='bbox 1161 3663 1205 3725; x_wconf 89' lang='lat' dir='ltr'><strong>et</strong></span> <span class='ocrx_word' id='word_1_179' title='bbox 1246 3641 1368 3756; x_wconf 83' lang='lat' dir='ltr'><strong>pedes</strong></span> <span class='ocrx_word' id='word_1_180' title='bbox 1403 3638 1503 3753; x_wconf 91' lang='lat' dir='ltr'><strong>pilis</strong></span> <span class='ocrx_word' id='word_1_181' title='bbox 1534 3636 1639 3723; x_wconf 88' lang='lat' dir='ltr'><strong>albis</strong></span> <span class='ocrx_word' id='word_1_182' title='bbox 1667 3637 1820 3753; x_wconf 87' lang='lat' dir='ltr'><strong>sparsi,</strong></span> <span class='ocrx_word' id='word_1_183' title='bbox 1865 3633 1944 3721; x_wconf 89' lang='lat' dir='ltr'><strong>nisi</strong></span> 
     </span>
     <span class='ocr_line' id='line_1_22' title="bbox 258 3786 1945 3905; baseline -0.001 -32"><span class='ocrx_word' id='word_1_184' title='bbox 258 3793 312 3873; x_wconf 88' lang='lat' dir='ltr'><strong>ad</strong></span> <span class='ocrx_word' id='word_1_185' title='bbox 338 3791 501 3875; x_wconf 86' lang='lat' dir='ltr'><strong>fuscum</strong></span> <span class='ocrx_word' id='word_1_186' title='bbox 528 3786 750 3874; x_wconf 89' lang='lat' dir='ltr'><strong>inclinant.</strong></span> <span class='ocrx_word' id='word_1_187' title='bbox 823 3798 918 3905; x_wconf 78' lang='lat' dir='ltr'><strong>(Ex</strong></span> <span class='ocrx_word' id='word_1_188' title='bbox 947 3790 1015 3875; x_wconf 92' lang='lat' dir='ltr'><strong>his</strong></span> <span class='ocrx_word' id='word_1_189' title='bbox 1043 3791 1421 3876; x_wconf 87' lang='lat' dir='ltr'><strong>coerulescentium</strong></span> <span class='ocrx_word' id='word_1_190' title='bbox 1456 3812 1503 3873; x_wconf 91' lang='lat' dir='ltr'><strong>et</strong></span> <span class='ocrx_word' id='word_1_191' title='bbox 1535 3791 1730 3905; x_wconf 85' lang='lat' dir='ltr'><strong>alborum</strong></span> <span class='ocrx_word' id='word_1_192' title='bbox 1766 3787 1945 3903; x_wconf 88' lang='lat' dir='ltr'><strong>pedibus</strong></span> 
     </span>
     <span class='ocr_line' id='line_1_23' title="bbox 259 3916 1946 4055; baseline 0 -32"><span class='ocrx_word' id='word_1_193' title='bbox 259 3938 430 4027; x_wconf 82' lang='lat' dir='ltr'><strong>alternis</strong></span> <span class='ocrx_word' id='word_1_194' title='bbox 457 3961 714 4025; x_wconf 86' lang='lat' dir='ltr'><strong>consuuntur</strong></span> <span class='ocrx_word' id='word_1_195' title='bbox 740 3939 922 4055; x_wconf 90' lang='lat' dir='ltr'><strong>pellicea</strong></span> <span class='ocrx_word' id='word_1_196' title='bbox 959 3916 1211 4029; x_wconf 83' lang='lat' dir='ltr'><strong>vestimenta</strong></span> <span class='ocrx_word' id='word_1_197' title='bbox 1246 3939 1559 4054; x_wconf 87' lang='lat' dir='ltr'><strong>elegantissima</strong></span> <span class='ocrx_word' id='word_1_198' title='bbox 1599 3939 1810 4054; x_wconf 88' lang='lat' dir='ltr'><strong>simulque</strong></span> <span class='ocrx_word' id='word_1_199' title='bbox 1851 3936 1946 4025; x_wconf 86' lang='lat' dir='ltr'><strong>soli·</strong></span> 
     </span>
     <span class='ocr_line' id='line_1_24' title="bbox 259 4087 1945 4208; baseline -0.001 -33"><span class='ocrx_word' id='word_1_200' title='bbox 259 4088 451 4190; x_wconf 80' lang='lat' dir='ltr'><strong>dissime,</strong></span> <span class='ocrx_word' id='word_1_201' title='bbox 481 4118 588 4204; x_wconf 89' lang='lat' dir='ltr'><strong>quae</strong></span> <span class='ocrx_word' id='word_1_202' title='bbox 618 4090 750 4204; x_wconf 85' lang='lat' dir='ltr'><strong>magis</strong></span> <span class='ocrx_word' id='word_1_203' title='bbox 778 4090 824 4176; x_wconf 92' lang='lat' dir='ltr'><strong>in</strong></span> <span class='ocrx_word' id='word_1_204' title='bbox 852 4093 1014 4208; x_wconf 90' lang='lat' dir='ltr'><strong>praetio</strong></span> <span class='ocrx_word' id='word_1_205' title='bbox 1042 4100 1179 4203; x_wconf 90' lang='lat' dir='ltr'><strong>sunt.)</strong></span> <span class='ocrx_word' id='word_1_206' title='bbox 1236 4092 1444 4179; x_wconf 90' lang='lat' dir='ltr'><strong>Omnibus</strong></span> <span class='ocrx_word' id='word_1_207' title='bbox 1473 4123 1604 4188; x_wconf 86' lang='lat' dir='ltr'><strong>aures,</strong></span> <span class='ocrx_word' id='word_1_208' title='bbox 1636 4122 1740 4177; x_wconf 85' lang='lat' dir='ltr'><strong>arca</strong></span> <span class='ocrx_word' id='word_1_209' title='bbox 1768 4087 1945 4175; x_wconf 85' lang='lat' dir='ltr'><strong>cervicis</strong></span> 
     </span>
     <span class='ocr_line' id='line_1_25' title="bbox 259 4241 1946 4358; baseline 0 -33"><span class='ocrx_word' id='word_1_210' title='bbox 259 4243 312 4327; x_wconf 88' lang='lat' dir='ltr'><strong>ad</strong></span> <span class='ocrx_word' id='word_1_211' title='bbox 341 4241 530 4354; x_wconf 86' lang='lat' dir='ltr'><strong>scapulas</strong></span> <span class='ocrx_word' id='word_1_212' title='bbox 558 4264 751 4344; x_wconf 86' lang='lat' dir='ltr'><strong>extensa,</strong></span> <span class='ocrx_word' id='word_1_213' title='bbox 795 4246 975 4358; x_wconf 82' lang='lat' dir='ltr'><strong>gulaque</strong></span> <span class='ocrx_word' id='word_1_214' title='bbox 1004 4247 1178 4329; x_wconf 89' lang='lat' dir='ltr'><strong>obscure</strong></span> <span class='ocrx_word' id='word_1_215' title='bbox 1215 4246 1350 4346; x_wconf 88' lang='lat' dir='ltr'><strong>fusca,</strong></span> <span class='ocrx_word' id='word_1_216' title='bbox 1389 4251 1496 4355; x_wconf 80' lang='lat' dir='ltr'><strong>gulo</strong></span> <span class='ocrx_word' id='word_1_217' title='bbox 1523 4265 1666 4325; x_wconf 91' lang='lat' dir='ltr'><strong>tamen</strong></span> <span class='ocrx_word' id='word_1_218' title='bbox 1694 4241 1946 4356; x_wconf 86' lang='lat' dir='ltr'><strong>quibusdam</strong></span> 
     </span>
     <span class='ocr_line' id='line_1_26' title="bbox 257 4391 1944 4510; baseline 0 -33"><span class='ocrx_word' id='word_1_219' title='bbox 257 4396 375 4478; x_wconf 88' lang='lat' dir='ltr'><strong>fusco</strong></span> <span class='ocrx_word' id='word_1_220' title='bbox 390 4443 404 4457; x_wconf 95' lang='lat'><strong>·</strong></span> <span class='ocrx_word' id='word_1_221' title='bbox 421 4391 524 4477; x_wconf 87' lang='lat' dir='ltr'><strong>rufa.</strong></span> <span class='ocrx_word' id='word_1_222' title='bbox 603 4394 745 4481; x_wconf 85' lang='lat' dir='ltr'><strong>Soleae</strong></span> <span class='ocrx_word' id='word_1_223' title='bbox 785 4396 976 4485; x_wconf 88' lang='lat' dir='ltr'><strong>omnium</strong></span> <span class='ocrx_word' id='word_1_224' title='bbox 1018 4399 1174 4510; x_wconf 91' lang='lat' dir='ltr'><strong>pedum</strong></span> <span class='ocrx_word' id='word_1_225' title='bbox 1215 4396 1328 4481; x_wconf 89' lang='lat' dir='ltr'><strong>solae</strong></span> <span class='ocrx_word' id='word_1_226' title='bbox 1370 4395 1469 4477; x_wconf 86' lang='lat' dir='ltr'><strong>albo</strong></span> <span class='ocrx_word' id='word_1_227' title='bbox 1486 4443 1500 4456; x_wconf 94' lang='lat'>-</span> <span class='ocrx_word' id='word_1_228' title='bbox 1518 4392 1695 4478; x_wconf 89' lang='lat' dir='ltr'><strong>villosae</strong></span> <span class='ocrx_word' id='word_1_229' title='bbox 1736 4391 1944 4479; x_wconf 81' lang='lat' dir='ltr'><strong>omnibus.</strong></span> 
     </span>
     <span class='ocr_line' id='line_1_27' title="bbox 255 4540 1945 4663; baseline -0.002 -32"><span class='ocrx_word' id='word_1_230' title='bbox 255 4544 485 4631; x_wconf 90' lang='lat' dir='ltr'><strong>Nonnullis</strong></span> <span class='ocrx_word' id='word_1_231' title='bbox 512 4546 677 4631; x_wconf 86' lang='lat' dir='ltr'><strong>macula</strong></span> <span class='ocrx_word' id='word_1_232' title='bbox 706 4547 801 4631; x_wconf 89' lang='lat' dir='ltr'><strong>alba</strong></span> <span class='ocrx_word' id='word_1_233' title='bbox 829 4547 939 4632; x_wconf 89' lang='lat' dir='ltr'><strong>inter</strong></span> <span class='ocrx_word' id='word_1_234' title='bbox 967 4550 1096 4663; x_wconf 83' lang='lat' dir='ltr'><strong>perles</strong></span> <span class='ocrx_word' id='word_1_235' title='bbox 1125 4546 1341 4662; x_wconf 87' lang='lat' dir='ltr'><strong>primores.</strong></span> <span class='ocrx_word' id='word_1_236' title='bbox 1406 4546 1553 4629; x_wconf 90' lang='lat' dir='ltr'><strong>Vellus</strong></span> <span class='ocrx_word' id='word_1_237' title='bbox 1589 4545 1635 4627; x_wconf 91' lang='lat' dir='ltr'><strong>in</strong></span> <span class='ocrx_word' id='word_1_238' title='bbox 1663 4572 1816 4656; x_wconf 83' lang='lat' dir='ltr'><strong>genere</strong></span> <span class='ocrx_word' id='word_1_239' title='bbox 1847 4540 1945 4627; x_wconf 84' lang='lat' dir='ltr'><strong>huic</strong></span> 
     </span>
     <span class='ocr_line' id='line_1_28' title="bbox 257 4695 1946 4817; baseline -0.001 -39"><span class='ocrx_word' id='word_1_240' title='bbox 257 4695 450 4781; x_wconf 80' lang='lat' dir='ltr'><strong>varietati</strong></span> <span class='ocrx_word' id='word_1_241' title='bbox 491 4695 629 4781; x_wconf 85' lang='lat' dir='ltr'><strong>minus</strong></span> <span class='ocrx_word' id='word_1_242' title='bbox 670 4698 903 4812; x_wconf 88' lang='lat' dir='ltr'><strong>prolixum,</strong></span> <span class='ocrx_word' id='word_1_243' title='bbox 946 4731 1072 4815; x_wconf 87' lang='lat' dir='ltr'><strong>quam</strong></span> <span class='ocrx_word' id='word_1_244' title='bbox 1114 4699 1352 4817; x_wconf 85' lang='lat' dir='ltr'><strong>vulgaribus</strong></span> <span class='ocrx_word' id='word_1_245' title='bbox 1394 4719 1439 4783; x_wconf 89' lang='lat' dir='ltr'><strong>et</strong></span> <span class='ocrx_word' id='word_1_246' title='bbox 1466 4695 1718 4810; x_wconf 84' lang='lat' dir='ltr'><strong>elegantius,</strong></span> <span class='ocrx_word' id='word_1_247' title='bbox 1762 4697 1946 4781; x_wconf 87' lang='lat' dir='ltr'><strong>undeet</strong></span> 
     </span>
     <span class='ocr_line' id='line_1_29' title="bbox 254 4846 886 4963; baseline 0.014 -34"><span class='ocrx_word' id='word_1_248' title='bbox 254 4846 380 4931; x_wconf 86' lang='lat' dir='ltr'><strong>tertia</strong></span> <span class='ocrx_word' id='word_1_249' title='bbox 408 4868 524 4963; x_wconf 87' lang='lat' dir='ltr'><strong>parte</strong></span> <span class='ocrx_word' id='word_1_250' title='bbox 553 4848 734 4934; x_wconf 88' lang='lat' dir='ltr'><strong>cariores</strong></span> <span class='ocrx_word' id='word_1_251' title='bbox 764 4849 886 4937; x_wconf 78' lang='lat' dir='ltr'><strong>albis.</strong></span> 
     </span>
    </p>
   </div>
   <div class='ocr_carea' id='block_1_6' title="bbox 0 0 2216 5908">
    <p class='ocr_par' dir='ltr' id='par_1_6' title="bbox 0 0 2216 5908">
     <span class='ocr_line' id='line_1_30' title="bbox 0 0 2216 5908; baseline 0 0"><span class='ocrx_word' id='word_1_252' title='bbox 0 0 2216 5908; x_wconf 95' lang='lat' dir='ltr'><strong> </strong></span> 
     </span>
    </p>
   </div>
  </div>
 </body>
</html>
