4410 5910
1070 300 1218 359 Ε
1886 322 1969 404 311

496 512 629 628 Scopa
654 524 892 606 auctorum,
925 502 1106 594 Brittan.
1135 470 1280 613 enrith.
1309 510 1345 593 f.
1384 541 1426 628 p.
1453 526 1550 621 495.
1593 516 1678 603 tob.
1709 534 1774 634 37.
1807 527 1892 641 fig.
1929 564 1961 614 1.

550 667 747 778 (curata).
800 663 992 746 Lutlmm.
1019 689 1116 775 syn·
1142 666 1180 747 I.
1206 697 1249 783 p.
1284 700 1373 774 ¹29·
1400 698 1463 784 sp.
1500 682 1562 756 15.

494 823 623 934 Stryx
650 819 784 931 Scops
807 816 898 898 Lin-
925 834 1030 927 syst.
1059 819 1095 898 Ι.
1124 850 1165 934 ρ.
1202 832 1290 906 132.
1318 848 1382 933 sp.
1412 830 1451 905 5.

494 981 555 1062 Le
583 969 694 1089 petit
718 974 836 1067 Duc,
862 970 1027 1078 Buffon.
1056 972 1203 1055 ornith.
1232 973 1267 1052 1.
1296 1002 1395 1085 pag.
1425 985 1519 1059 358.
1554 976 1640 1062 tob.
1671 997 1737 1087 24.
1767 986 1968 1101 (optima,

547 1125 632 1211 nisi
660 1124 773 1238 quod
800 1119 1016 1206 cornicula
1039 1150 1127 1207 non
1154 1131 1417 1239 appareant.)
1454 1129 1729 1221 D'Aubenton
1754 1145 1859 1225 icon,
1897 1174 1964 1230 ω.

547 1286 624 1367 lor.
653 1277 740 1363 tab.
769 1289 865 1382 436.

491 1437 623 1550 Stryx
647 1425 887 1546 pulchells,
913 1431 1021 1516 Pau.
1050 1437 1139 1517 itin.
1169 1432 1204 1513 Ι.
1232 1434 1408 1549 append.
1439 1468 1480 1553 p.
1509 1451 1605 1544 456.
1634 1472 1674 1525 n.
1703 1454 1744 1530 8.
1772 1447 1960 1536 Lutum.

542 1618 638 1699 syn.
668 1615 735 1667 av.
763 1585 798 1667 I.
828 1614 870 1699 p.
904 1595 995 1670 aaa.
1024 1615 1064 1668 n.
1099 1597 1161 1669 16.
1190 1585 1276 1669 tub.
1307 1599 1346 1673 5.
1364 1591 1452 1701 fig.
1488 1624 1523 1674 r.
1751 1592 1754 1597 ’

489 1743 620 1853 Stryx
658 1733 797 1853 capite
836 1734 994 1841 aurit0,
1037 1764 1062 1820 e
1104 1759 1230 1850 gente
1259 1769 1331 1823 sua
1360 1738 1558 1848 minima,
1600 1748 1814 1862 Lepeclain.
1855 1755 1974 1840 Non,-

542 1895 660 1977 Com.
688 1890 851 2006 Petrop.
879 1891 974 1973 XV.
1002 1920 1044 2006 p.
1072 1906 1169 1996 490.
1198 1893 1284 1977 tad.
1314 1925 1380 1978 ao.
1417 1897 1562 2013 Ejusd.
1591 1907 1681 1987 itin.
1709 1904 1766 1987 u.
1795 1937 1837 2021 p.
1867 1921 1960 2013 296.

542 2046 628 2131 tob.
658 2061 697 2148 4.
729 2047 852 2152 (leon
880 2041 1062 2126 naturali
1075 2040 1284 2157 proxima
1312 2046 1642 2162 magnitudine.)

375 2198 549 2291 nasica
566 2198 810 2311 (xantus).
838 2193 1004 2281 Tataris
1019 2192 1461 2312 sibiricisSsdgergbn.
1489 2201 1698 2317 Tungusis
1710 2208 1959 2324 Kyboaflry.

402 2348 686 2470 Lepidissima
713 2347 905 2434 omnium
932 2347 998 2432 sui
1024 2346 1189 2462 generis
1216 2370 1262 2433 et
1288 2352 1439 2465 Stryge
1466 2353 1680 2468 passerina
1707 2356 1850 2445 minor
1871 2363 1974 2450 avi--

261 2514 380 2616 urla,
424 2508 472 2593 in
498 2501 868 2620 temperatioribus
895 2501 1070 2588 Rossiae
1099 2522 1143 2586 et
1171 2499 1381 2588 citerioris
1410 2503 1591 2590 Sibiriae
1619 2507 1718 2593 satis
1746 2513 1958 2628 frequens.

261 2651 394 2755 Amat
419 2655 667 2780 praesertim
696 2653 879 2739 Saliceta
908 2656 962 2739 ad
988 2654 1175 2769 Volgum
1200 2676 1246 2740 et
1261 2653 1531 2771 Rhymnum,
1558 2688 1703 2746 versus
1723 2661 1841 2750 mare
1859 2668 1957 2755 Cas

259 2817 382 2945 pium
408 2839 452 2900 et
485 2807 681 2925 Gurjevi,
721 2804 866 2924 aprico
906 2806 1003 2893 loco
1038 2806 1210 2924 copiose
1240 2810 1375 2894 datur.
1444 2817 1611 2926 Hyome
1636 2811 1686 2911 in
1713 2817 1964 2907 auaraliora
2095 2910 2098 2921 ,

259 2969 437 3086 migrat,
479 2967 591 3051 unde
617 2958 756 3079 primo
784 2987 883 3044 vere
912 2958 1046 3058 redit,
1086 2958 1136 3044 in
1160 2960 1338 3045 arbustis
1367 2962 1635 3049 densioribus
1662 2989 1707 3051 et
1736 2967 1852 3054 circa
1876 2973 1955 3058 ril-

257 3124 323 3213 lar
351 3119 559 3208 habitans.
616 3110 799 3199 Victitat
827 3110 966 3197 erucis·
984 3133 1029 3196 et
1049 3100 1472 3216 scarabaeis,·mures
1495 3145 1664 3231 quoque
1683 3142 1848 3233 captat,
1879 3152 1955 3206 un·

258 3278 315 3365 de
343 3274 391 3360 iu
418 3266 690 3359 conclavibus
717 3263 859 3370 utilis,
896 3264 1148 3379 praesertim
1187 3294 1287 3352 cum
1320 3264 1540 3352 lenissimo
1577 3268 1721 3354 volatu
1747 3299 1801 3354 ne
1830 3300 1955 3357 exau-

257 3429 401 3517 diatur
427 3423 615 3542 quidem.
672 3416 865 3503 Interdiu
890 3419 1022 3532 plane·
1046 3434 1187 3505 coeca.
1247 3421 1288 3502 V
1285 3449 1342 3505 oa
1369 3419 1562 3534 quenda3
1591 3421 1759 3507 frendet
1786 3454 1958 3541 quoque

256 3576 422 3673 collisis
449 3572 708 3663 mandibulis
743 3569 890 3655 territa
926 3572 997 3656 rel
1033 3569 1153 3654 irata.
1226 3569 1411 3656 Tardius
1435 3570 1617 3686 reliquis
1650 3575 1956 3690 congeneribus

253 3731 420 3857 prurit,
460 3725 577 3816 lunii
602 3728 773 3811 demum
802 3721 947 3807 medio
974 3723 1114 3839 pullos
1141 3721 1399 3827 excludens,
1436 3753 1524 3839 quo
1548 3747 1741 3843 tempore
1768 3728 1959 3814 Bubonis

254 3894 345 4003 jam
371 3880 507 3970 adulti
529 3883 624 3967 fere
651 3878 836 3963 evolant.
893 3878 1029 3960 Nidus
1055 3877 1103 3961 in
1130 3874 1246 3961 cavis
1273 3877 1468 3961 arborum
1496 3900 1541 3961 et
1566 3878 1803 3964 subrectis.
1860 3880 1957 3965 Ova

252 4037 381 4142 bina,
419 4066 498 4154 pro
524 4032 694 4119 tantilla
720 4028 885 4113 avicula
920 4057 1094 4142 magna,
1134 4030 1332 4143 globosa,
1373 4029 1559 4114 candida
1597 4060 1695 4116 cum
1735 4029 1955 4118 levissimo

252 4194 417 4292 virore,
442 4184 707 4287 laevissima,
746 4181 955 4266 diametro
982 4201 1164 4295 utroque
1197 4183 1252 4263 r‘'.
1288 4182 1374 4276 ram.

392 4346 566 4429 Descr.
622 4340 817 4422 Rostrum
843 4336 1028 4434 fuscum,
1055 4332 1233 4419 maxilla
1257 4331 1459 4417 inferiore
1487 4335 1541 4417 ad
1561 4330 1730 4449 apicem
1749 4333 1952 4449 utrinque

250 4498 410 4589 leviter
434 4495 613 4581 sinuata.
668 4495 831 4605 Lingua
859 4489 1068 4603 profunde
1094 4487 1263 4591 biloba,
1290 4487 1452 4571 obtusa.
1514 4486 1648 4570 Nares
1669 4484 1789 4600 quasi
1810 4487 1951 4573 tubuli

247 4646 466 4769 depressi,
494 4643 619 4732 rostri
646 4643 739 4731 basi
766 4641 1009 4727 coadunati.
1063 4640 1193 4726 Iudas
1218 4637 1365 4754 pulcre
1393 4638 1503 4722 flavo
1516 4687 1530 4702 ·
1544 4635 1745 4752 pallidae.
1803 4640 1948 4753 Palpe-

250 4808 349 4893 brae
376 4800 653 4921 plumulosae.
722 4798 852 4911 Peplo
885 4795 1072 4912 parvula.
1119 4795 1367 4879 -Cornicula
1393 4787 1444 4875 in·
1466 4810 1645 4907 utroque
1671 4818 1777 4878 sexu
1801 4823 1945 4909 parva,
