4410 5910
815 442 1138 509 ·=.w
1760 468 1796 561 9

100 641 298 730 diderunt
325 607 476 758 aliqui.
531 648 626 732 lam
653 641 770 734 enim
798 672 962 736 constat
993 651 1144 769 Ursum
1174 673 1218 739 et
1246 653 1396 743 Melam
1416 654 1657 766 Amerieae,
1684 659 1790 750 licet

99 795 196 880 satis
231 794 396 880 similes
427 795 592 902 nostris,
627 798 774 886 indole
808 825 951 886 tamen
988 824 1032 886 et
1066 803 1206 917 specie
1241 804 1464 892 distinctos
1500 838 1608 912 esse;
1645 812 1794 923 differt

98 948 225 1032 etiam
252 949 306 1032 ab
335 947 454 1032 affini
480 950 636 1050 cirillo,
663 950 872 1039 Marmora
899 956 1140 1066 quebecana
1168 960 1418 1074 (Empetro)
1446 982 1490 1043 et
1516 963 1653 1047 forsan
1682 967 1789 1071 Galo

98 1098 357 1184 americanus
391 1128 476 1185 non
510 1124 576 1188 est
602 1101 780 1188 varietas
814 1103 1023 1189 nostratis.
1069 1158 1118 1172 --
1178 1112 1297 1220 Quae
1340 1139 1441 1196 vero
1484 1113 1605 1199 omni
1645 1136 1789 1202 carent

99 1250 229 1337 dubio
266 1250 454 1366 species,
496 1250 722 1339 Americae
749 1284 848 1341 cum
876 1262 1042 1372 Europa
1070 1287 1327 1363 communes,
1355 1283 1472 1344 sunt:
1500 1270 1542 1371 r)

94 1500 182 1568 ielis
207 1495 316 1588 Lynx.
671 1504 829 1574 Mustela
852 1499 1066 1574 Hermiueum.
1249 1490 1328 1577 Mus
1353 1509 1540 1600 amphibiis.

94 1644 196 1714 Canis
220 1638 428 1734 hrpuscum
453 1647 582 1716 variet.
720 1685 767 1708 ι-
830 1632 917 1715 Gale
937 1641 1082 1738 (hyeme
1096 1654 1185 1717 uta·
1273 1690 1317 1710 ·-
1357 1672 1544 1720 oeconomus.

243 1788 358 1875 nigra.
826 1788 902 1878 pud
922 1809 988 1855 nos
1003 1784 1185 1887 candida.)
1273 1826 1316 1845 -
1355 1788 1497 1864 cirillus.

93 1928 194 2000 Canis
216 1926 354 2018 Vulpes,
375 1949 459 1998 cum
480 1936 579 2000 omni
670 1937 784 2003 Sorax
810 1951 954 2001 araneus.
1249 1940 1393 2004 sciurus
1418 1936 1562 2006 strictus.

240 2074 435 2142 varietate.
707 2113 752 2130 -
815 2075 962 2141 minutus.
1249 2079 1386 2146 Cervus
1412 2075 1503 2149 Alce.

132 2248 173 2267 -
219 2205 382 2304 lagopus.
671 2221 802 2288 castor
826 2212 931 2286 iiber.
1144 2220 1147 2229 ’
1296 2255 1346 2271 -·-
1411 2216 1597 2294 Toranius.
1704 2274 1708 2281 .

107 2348 245 2422 Vuerra'
268 2352 387 2428 iutra.
669 2362 785 2450 Lepus
810 2354 990 2427 variabilis.
1247 2362 1455 2449 Aegoceros
1480 2383 1614 2437 ammon.

100 2495 244 2566 Musula
270 2497 433 2573 sibetuna.

226 2704 294 2784 Ex
320 2699 390 2786 his
417 2724 560 2793 tamen
588 2705 796 2821 quaedam
822 2700 870 2790 in
897 2697 1134 2816 aquilonari
1165 2705 1319 2816 angulo
1342 2701 1533 2811 Sibiriae‚
1566 2706 1640 2824 qui
1656 2713 1786 2796 Ame-

100 2841 207 2934 ricae
233 2853 421 2941 maxime
448 2854 612 2944 vicinus
639 2877 715 2964 est,
738 2886 824 2943 non
846 2855 1018 2957 dantu13
1046 2875 1095 2939 ut
1116 2855 1290 2970 Vulpes,
1313 2854 1536 2964 Zibellina,
1559 2860 1682 2965 Alce,
1706 2861 1784 2953 Ca·

106 3046 414 3081 ⁸¹——

185 3180 219 3285 *)
241 3192 339 3261 ilaec
363 3189 498 3265 ultinio
522 3193 769 3280 confirmavit,
795 3188 1010 3262 animalibus
1031 3211 1051 3259 e
1069 3191 1178 3260 terris
1191 3190 1385 3260 iiudsoniis
1403 3192 1549 3283 adlatis,
1576 3188 1609 3265 C
1615 3197 1660 3265 et.
1686 3192 1719 3269 F
1722 3215 1739 3266 o
1748 3217 1784 3267 r·

240 3323 330 3381 ster
352 3308 472 3386 Actor.
499 3318 615 3403 anglic.
645 3314 722 3391 Vol.
748 3308 875 3387 LXII.
902 3332 935 3403 p.
961 3310 1046 3408 37ο.
1071 3334 1137 3402 seq.
1168 3319 1208 3381 et
1232 3315 1269 3379 in
1293 3313 1439 3382 libello:
1470 3310 1507 3383 A
1540 3311 1720 3402 catalogue
1750 3315 1791 3400 os

243 3431 298 3500 tire
319 3427 472 3504 Animis
496 3441 539 3517 of
552 3435 666 3508 North
682 3433 858 3506 -America
884 3433 924 3520 by
949 3426 991 3503 J.
1019 3429 1135 3503 Reinb.
1153 3431 1292 3507 Forrter.
1308 3429 1442 3506 London
1467 3455 1571 3528 1771.
1592 3433 1679 3505 dvo.
1699 3459 1727 3503 c.
1740 3435 1782 3506 ic·

241 3552 298 3620 sd
330 3559 492 3643 priorem
516 3564 639 3627 tamen
663 3561 932 3650 expositionem
957 3575 1106 3622 moneo:
1138 3552 1296 3638 Animal,
1328 3552 1427 3641 quod
1459 3575 1526 3642 pro
1557 3551 1673 3624 Marte
1697 3556 1783 3626 abie-

240 3686 305 3741 rum
335 3683 550 3745 recensetur
573 3674 588 3771 (
600 3682 626 3749 l.
654 3703 680 3747 c.
704 3699 739 3771 p.
766 3669 882 3774 372.)
913 3672 1016 3760 mihi,
1049 3675 1097 3743 ob
1126 3674 1347 3742 brevitatem
1377 3674 1514 3743 caudae
1544 3673 1642 3743 haud
1672 3674 1783 3747 dubie

239 3786 427 3864 Zibellinanr
446 3795 584 3883 rideri,
609 3802 712 3890 cujus
737 3802 848 3867 etiam
873 3795 1004 3888 pelles,
1030 3799 1143 3881 reris,
1169 3801 1211 3863 ut
1235 3792 1394 3881 videtur,
1420 3795 1598 3864 Martibus
1625 3789 1711 3892 (rel
1729 3797 1783 3866 af·

244 3910 327 3983 linis
353 3921 464 3986 Marti
495 3922 651 4008 speciei)
685 3922 840 4003 mixtas,
883 3890 1166 3984 Tschuctsclrica
1197 3933 1284 4002 gens
1315 3932 1364 3980 ex
1396 3920 1566 4004 oppotita
1596 3920 1795 3986 Americes

245 4036 438 4104 l’euinsula
463 4043 616 4107 mercari
645 4046 684 4108 et
716 4042 838 4107 Rossis
870 4035 1013 4105 adferre
1046 4035 1151 4104 solet.
1191 4038 1304 4102 Porro
1324 4030 1482 4121 sciurus,
1500 4032 1687 4108 Forstero
1713 4057 1781 4126 pro

245 4162 427 4226 varietate
452 4163 626 4249 europaei
651 4157 870 4243 exhibitum,
909 4150 1008 4254 (ibid.
1037 4174 1072 4247 p.
1100 4153 1208 4249 378.)
1240 4175 1313 4223 non
1343 4175 1424 4223 esse
1463 4156 1670 4245 vulgarem,
1717 4156 1782 4225 sed

244 4275 456 4348 distinctam
489 4284 666 4368 speciem
699 4278 798 4369 quod
828 4281 940 4346 etiam
975 4277 1021 4346 de
1053 4276 1215 4343 Muribus
1252 4280 1463 4345 amaricanis
1489 4276 1625 4345 ibidem
1657 4297 1782 4347 recen·

242 4403 322 4468 sitis
348 4403 525 4488 suspicor.
589 4398 717 4469 Sciurus
748 4405 871 4467 autem
902 4400 1020 4466 oolons
1052 4398 1159 4490 major
1183 4389 1228 4492 (i.
1255 4421 1282 4465 c.
1312 4414 1342 4487 p.
1379 4395 1487 4491 379.)
1521 4402 1668 4465 omnino
1700 4415 1781 4484 spe·

247 4524 320 4589 cies
345 4525 385 4588 et
410 4540 432 4586 a
457 4520 608 4589 sibirico
633 4528 672 4589 et
696 4542 718 4588 a
743 4521 945 4609 virginiano
971 4519 1096 4584 Sciuro
1121 4516 1281 4586 volatica
1308 4516 1408 4606 pelle
1427 4523 1629 4601 instructo,
1655 4516 1781 4582 distin·

244 4645 406 4709 ocissima
430 4638 591 4727 ridetur,
621 4660 731 4730 quam
762 4645 800 4708 in
823 4636 1041 4707 illustrando
1071 4641 1280 4707 sciurorum
1321 4642 1605 4727 petauristarum
1642 4639 1783 4722 species

247 4753 366 4854 (Neo.
387 4759 478 4854 Sper.
510 4763 742 4854 quadrupedum
772 4749 953 4831 eGlirium
983 4761 1099 4852 ordine,
1128 4779 1164 4852 p.
1190 4758 1275 4853 349.
1303 4759 1387 4852 seq.)
1412 4765 1589 4846 tanquam
1613 4763 1782 4847 quartam

251 4875 353 4973 hujus
374 4882 535 4955 familiae
565 4882 736 4981 adlegare
760 4881 1004 4974 neglexeram.
