4410 5910
919 457 923 463 ,
1030 341 1179 414 ²2
1864 361 1956 447 259

265 558 501 648 ranetam
525 560 675 645 coloris
701 583 849 645 omnes
873 558 1166 667 observantur,
1213 560 1288 649 sed
1316 559 1523 678 quaedam
1548 559 1720 650 locales.
1793 560 1980 671 Roasie'

259 710 479 827 Mongolis
505 731 552 821 et
578 709 743 796 Tataris
769 713 1073 828 appellationes
1100 742 1178 832 pro
1204 713 1399 830 quolibet
1424 715 1568 802 colore
1594 712 1777 832 proprii:
1819 716 1973 832 albus,¹

259 862 443 951 -nossica
469 866 657 983 Steruja,
701 865 915 979 Mongolis
942 869 1121 983 Zoghon
1148 876 1302 963 morirer
1344 868 1636 953 coerulescens
1665 873 1718 953 tt.
1747 868 1954 986 Golnbajn

257 1019 324 1124 M.
350 1018 656 1113 Horo-Murius
696 1015 887 1104 cinereus
926 1024 979 1106 ll.
1022 1022 1207 1140 Ssiuujar
1248 1020 1596 1105 cano-naseroens
1623 1019 1869 1122 nebulosus,
1899 1024 1955 1104 R.

262 1145 510 1285 Tsctataja,
551 1173 612 1253 M.
640 1171 1036 1268 Schrader-morsm
1057 1170 1419 1295 .cinere05fuscus
1460 1168 1602 1286 capite
1641 1168 1875 1283 nigricante
1902 1173 1956 1254 R.

262 1318 688 1438 Woronutscdallajur
727 1321 901 1409 cinereo
928 1324 1130 1439 fuscoque
1146 1324 1359 1409 'ocellatus
1395 1328 1457 1408 M.
1485 1323 1623 1408 Alnclr
1638 1374 1658 1391 ·
1673 1331 1828 1441 nmen,-
1871 1352 1957 1405 ma·

257 1471 453 1575 culmus,
495 1473 784 1592 R.‚.Peggoja,
827 1480 889 1560 M.
918 1476 1134 1562 Zouchor·
1150 1485 1305 1574 moriar
1347 1503 1517 1590 gryseus
1554 1503 1628 1558 seu
1656 1473 1862 1561 lsabellae
1887 1503 1959 1560 co-

257 1622 375 1727 lore,
405 1625 505 1736 juba
531 1644 576 1707 et
603 1655 728 1741 saepe
756 1627 848 1713 loro
874 1626 991 1713 dorsi
1018 1626 1170 1742 nigris,
1215 1633 1269 1713 tt.
1296 1630 1550 1746 Bulamrajo,
1581 1631 1643 1711 M.
1672 1627 1958 1713 solare-nto-

253 1785 347 1871 riur
389 1777 624 1861 fuscescens
672 1780 771 1890 juba
810 1780 1028 1894 caudaque
1069 1779 1243 1882 albidis,
1287 1785 1341 1863 R.
1367 1782 1522 1898 Buroja
1533 1816 1549 1878 ,-
1589 1780 1821 1882 lutescens,
1861 1779 1957 1866 loro

252 1926 397 2025 unni,
424 1928 524 2038 juba
549 1929 767 2046 caudaque
796 1928 1150 2043 nigrescentibus,
1192 1937 1246 2018 R.
1274 1934 1554 2050 Sauressajaf
1581 1932 1695 2017 laete
1723 1929 1960 2048 spadiceus,
1993 2034 1996 2040 Δ

252 2079 356 2169 ho
385 2105 511 2193 saepe
538 2078 661 2197 nigro
688 2088 741 2166 R.
769 2083 975 2203 Gnedajo,
1005 2090 1068 2169 M.
1096 2086 1318 2197 Guraeng·
1333 2093 1487 2182 marim
1515 2084 1757 2201 spadiceus,
1793 2089 1848 2169 R.
1873 2085 1961 2168 Ka·

260 2238 374 2351 „jur
415 2233 592 2319 obscure
633 2257 870 2340 castaneus,
912 2242 966 2322 R.
994 2241 1202 2354 Kouraja5
1243 2234 1410 2351 vulpini
1449 2266 1524 2320 seu
1566 2240 1643 2321 rufi
1682 2235 1859 2339 coloris,
1899 2240 1959 2322 n.

222 2382 472 2516 dysme,
502 2391 564 2470 M.
591 2389 1038 2484 sebastenae-merim
1067 2385 1338 2500 nigerrimus,
1368 2394 1423 2471 R.
1457 2388 1698 2508 Woronaja,
1737 2394 1798 2472 M.
1825 2387 1960 2473 Korb-

251 2544 405 2623 monn.
476 2542 637 2654 (Equus
665 2539 878 2656 padanus
909 2538 1119 2654 Mongolis
1145 2542 1245 2626 Zaa
1258 2590 1274 2606 ·
1288 2548 1435 2627 morin.
1505 2540 1744 2654 singulares
1772 2537 1961 2625 maxime

250 2685 363 2803 equi
391 2691 503 2804 apud
530 2688 784 2780 Baschkiros
811 2716 856 2778 et
883 2693 1051 2807 Kirgiao
1064 2743 1079 2759 ·
1093 2715 1250 2779 tataros
1278 2693 1386 2797 albi,
1426 2688 1602 2778 maculis
1638 2693 1796 2777 crebris
1822 2691 1959 2776 minu-

251 2838 315 2927 tis
342 2860 388 2925 et
414 2839 661 2930 orbiculatis
688 2844 910 2950 brunneis,
955 2844 1030 2961 qni
1072 2877 1096 2929 a
1139 2842 1341 2930 Bocharis
1376 2847 1452 2930 sub
1474 2843 1669 2929 nomine
1713 2846 1963 2957 Argamokr',

251 2990 449 3108 coempti
474 2996 531 3080 ad
558 2997 686 3082 Indos
730 2997 1012 3100 deducuntur,
1055 2997 1131 3083 ubi
1170 2996 1218 3081 in
1259 2995 1449 3082 maximo
1487 2998 1629 3082 solent
1668 3026 1761 3083 esse
1779 3091 1782 3094 ,
1803 2996 1957 3113 pretio.

254 3141 503 3258 Singruares
530 3145 662 3232 etiam
692 3150 807 3264 apud
833 3154 1009 3234 Tataros
1036 3150 1228 3234 Jeniseae
1277 3152 1319 3232 fl.
1360 3148 1527 3232 accolas
1568 3148 1752 3234 Beltiros
1777 3169 1825 3231 et
1851 3151 1963 3257 Seja-

256 3324 412 3387 nennee
439 3298 543 3410 equi
569 3330 761 3417 corpore
774 3322 869 3386 toto
896 3299 1135 3416 nigerrimi,
1165 3298 1307 3413 capite
1336 3295 1636 3383 incanescente
1664 3322 1711 3383 et
1738 3300 1836 3408 juba
1863 3325 1960 3380 cau·

255 3448 400 3565 daque
442 3450 532 3534 fere
573 3451 702 3555 albis,
745 3482 872 3568 saepe
918 3452 1052 3538 etiam
1091 3447 1294 3535 extremis
1333 3449 1527 3564 pedibus.
1598 3456 1648 3534 In
1690 3445 1877 3534 Dauuria
1914 3469 1961 3532 et

257 3599 511 3717 praesertim
538 3603 711 3718 propius
738 3607 792 3688 ad
820 3607 935 3720 alpes
964 3600 1250 3688 habitantium
1279 3607 1555 3687 Buraetorum
1583 3630 1728 3716 greges
1755 3630 1962 3717 equorum

257 3748 420 3866 integri
448 3775 547 3839 sunt
573 3754 781 3879 candidi,
811 3758 886 3841 sed
915 3788 1023 3842 cum.
1042 3754 1267 3871 superstite
1295 3753 1511 3839 levissima
1539 3777 1584 3840 et
1611 3753 1797 3841 maxime
1825 3753 1962 3839 diluta

259 3902 447 3993 tinctura
485 3904 680 3990 omnium
725 3929 1179 4020 supramemoratorum
1227 3907 1445 4010 colorum,
1506 3907 1627 4020 quasi
1670 3904 1859 3990 dealbati
1896 3931 1960 3986 es·

256 4078 370 4143 sent.
389 4108 449 4129 --
484 4056 693 4173 Plurimus
721 4057 768 4145 in
804 4058 954 4148 nonis
995 4089 1203 4175 europaea
1244 4088 1450 4172 equorum
1492 4059 1611 4143 color
1651 4057 1873 4173 spadiceus
1913 4077 1962 4140 et

258 4211 401 4313 runs,
444 4210 556 4325 apud
596 4208 902 4296 Tscherkessos
944 4211 1129 4308 albidus,
1171 4209 1341 4294 cinereo
1370 4211 1516 4294 rufove
1546 4229 1881 4324 conspurcatus,
1914 4205 1963 4292 in

259 4359 463 4457 orientali
491 4362 667 4465 Sibiria,
705 4382 753 4447 ut
781 4330 897 4466 diiri,
941 4364 1072 4449 albus.
1143 4362 1256 4476 Equi
1283 4360 1414 4446 etiam
1444 4358 1690 4464 domestici,
1737 4360 1849 4474 apud
1876 4362 1965 4441 No·

262 4515 412 4602 medas
439 4516 566 4632 plane
594 4513 785 4613 erratici,
825 4513 1030 4633 gregatim
1059 4515 1280 4616 incedunt,
1326 4516 1433 4600 duce
1461 4511 1630 4598 seniore
1656 4532 1701 4594 et
1729 4507 1965 4594 robustiore

265 4663 520 4755 admissario
559 4689 604 4754 et
644 4667 860 4754 communi
890 4690 1036 4753 ‘marte
1080 4687 1270 4782 pugnant
1313 4688 1460 4750 contra
1502 4664 1644 4781 lupos,
1686 4661 1775 4747 imo
1816 4662 1969 4760 Ursus,

267 4844 377 4936 quos
392 4848 530 4947 ,saepe
558 4818 769 4938 prioribus
796 4819 1026 4940 poeticisne
1053 4818 1221 4938 ungulis
1248 4815 1480 4906 conficiunt
1508 4812 1703 4908 animosi.
1773 4809 1968 4900 leniores

1470 4978 1490 5023 0
