4410 5910
1042 350 1199 414 ΕΞ
1870 369 1955 454 333

266 544 352 670 est,
380 546 756 679 lubeirtissimeque
780 550 1006 649 occidente
1032 562 1120 650 sole
1135 549 1333 648 'Mandas
1361 580 1405 648 et
1433 562 1702 666 Co'turnices,
1735 566 1825 656 imo
1854 579 1946 656 Per·

264 718 383 804 dices
411 747 576 834 quoque
604 715 846 803 insectatur.
912 715 1229 831 Peregrinantes
1264 746 1391 832 saepe
1427 747 1503 833 per
1531 749 1680 834 magna
1708 751 1950 837 camporum

265 867 402 987 spatia
423 866 675 970 comitatur,
715 873 976 985 proturbatas
1013 869 1126 955 circa
1157 869 1272 953 viam
1300 868 1485 954 aviculas
1529 873 1726 956 audacter
1766 877 1948 991 rapiens,

263 1045 312 1108 ut
341 1045 385 1106 et
412 1052 598 1138 passeres
623 1021 670 1107 in
697 1020 811 1140 ipsos
837 1052 967 1138 usque
994 1050 1123 1141 pagos
1159 1021 1361 1108 acer-rime
1402 1043 1596 1106 sectatur.
1665 1026 1837 1109 'Institui
1877 1058 1948 1144 po·

262 1196 346 1259 test
375 1177 429 1259 ad
456 1177 683 1290 captandas
712 1175 897 1261 aviculas
922 1199 967 1260 et
995 1177 1196 1261 audacula
1221 1172 1355 1261 etiam
1376 1173 1602 1260 Cornicem
1623 1176 1877 1289 adgreditur.
1892 1225 1948 1248 --

261 1327 541 1411 Delectantur
566 1356 620 1411 eo
648 1348 693 1412 et
721 1327 952 1416 Calm'ucci.
1018 1330 1129 1416 Pulli
1156 1329 1258 1414 nido
1294 1326 1460 1443 expulsi
1501 1326 1794 1414 clamosissimi
1820 1329 1945 1415 Julio.

259 1482 446 1592 Hyemes
470 1500 633 1564 nostras
661 1479 891 1565 maximam
918 1502 1083 1596 partem
1111 1480 1240 1596 fugit,
1286 1501 1331 1564 et
1367 1510 1391 1564 e
1427 1479 1669 1566 borealibus
1711 1481 1948 1598 demigrant

259 1657 429 1732 omnes,
456 1632 570 1746 quod
598 1653 643 1717 et
670 1633 724 1717 de
751 1631 1024 1748 sequentibus
1051 1631 1272 1751 speciebus
1297 1630 1637 1747 intelligendum.

395 1838 568 1926 Descr.
625 1837 902 1927 Notissimam
930 1836 1035 1928 licet
1070 1869 1210 1944 avem,
1252 1834 1438 1924 breviter
1479 1838 1733 1941 describam,
1776 1863 1823 1925 ut
1848 1843 1942 1932 reli-

256 1985 353 2106 quis
381 1989 531 2078 melius
558 2014 835 2108 comparetur.
892 1994 1019 2095 Cera,
1048 1992 1192 2108 anguli
1217 1988 1301 2077 oris
1338 2010 1383 2074 et
1417 1993 1637 2108 palpebrae
1677 1993 1764 2078 late
1805 1996 1942 2081 nudae

254 2140 497 2227 flavissima.
551 2147 744 2230 Rostrum
770 2142 1314 2260 coerulescentenigricat,
1346 2143 1399 2228 ad
1421 2173 1561 2228 ceram
1582 2141 1805 2233 virescens.
1845 2148 1941 2233 Ver·

255 2313 328 2379 tes
357 2316 401 2379 et
429 2292 518 2380 aris
543 2327 669 2410 supra
702 2317 793 2380 tota
829 2298 947 2384 fusco
963 2296 1194 2415 (nigricat3
1228 2316 1391 2380 tractus
1431 2294 1712 2411 supraciliaris
1747 2296 1945 2414 pallidus,

254 2441 479 2561 nuchaque
507 2445 670 2564 pallido
698 2446 894 2565 utrinque
921 2447 1105 2535 liturata.
1168 2448 1340 2535 Macula
1375 2446 1494 2563 nigra
1526 2416 1744 2562 ‘mystacea
1780 2451 1832 2534 ab
1860 2446 1945 2535 oris

256 2597 412 2709 angulo
438 2597 636 2710 utrinque
663 2602 922 2688 descendens
950 2623 998 2687 ut
1024 2600 1070 2687 in
1097 2602 1145 2687 F.
1174 2576 1413 2719 peregrino.
1478 2601 1586 2684 Gula
1613 2601 1722 2688 alba.
1780 2602 1942 2717 Corpus

252 2749 397 2836 nsbtus
422 2749 599 2836 maculis
626 2748 1003 2866 longitudinahbus
1021 2748 1175 2868 nigris.
1233 2752 1449 2837 Abdomen
1476 2773 1522 2836 et
1548 2748 1724 2836 crissum
1748 2753 1941 2838 albo-ru·

252 2900 437 3002 lescrsnt3
468 2907 692 3014 sensorolla
718 2900 884 2990 intense
908 2907 1023 3009 aula,
1066 2904 1233 3021 punctis
1267 2901 1400 3016 nigris
1427 2903 1592 3018 sparsis.
1659 2907 1768 2991 Alae
1785 2908 1940 2990 subtus

251 3052 372 3139 rusco
397 3055 578 3169 alboque
605 3054 864 3170 variegatae,
903 3056 1161 3173 compositae
1188 3056 1329 3139 cauda
1356 3054 1484 3168 paulo
1510 3052 1735 3169 longiores.
1800 3059 1939 3140 flend·

246 3234 328 3319 ges
354 3205 529 3293 maculis
551 3206 797 3291 transversis
821 3207 1038 3323 oblongis,
1080 3207 1320 3292 albo-rufis.
1377 3209 1581 3290 Rectrices
1607 3203 1824 3319 aequales,
1864 3230 1938 3286 ex·

250 3377 320 3443 tus
346 3357 650 3474 mgrescentes‚
674 3359 791 3445 intus
818 3357 958 3446 fasciis
985 3356 1291 3444 rufescentibus
1313 3348 1598 3441 transversis
1640 3352 1774 3442 Pedes
1803 3350 1938 3438 flama·

249 3506 371 3614 simi,
401 3508 634 3628 digitorum
659 3515 802 3598 subtus
829 3511 1014 3598 verrucis
1040 3508 1394 3606 semi-ovalibus3
1419 3539 1576 3624 urgues
1599 3504 1727 3622 nigri.
1748 3552 1805 3574 -
1832 3507 1937 3593 Poa-

251 3662 332 3749 &ss
358 3662 516 3750 maim
545 3676 585 3752 8.
615 3667 669 3752 ad
697 3700 737 3772 9.
805 3668 997 3752 Mensura
1015 3709 1018 3719 =
1038 3667 1091 3751 ad
1129 3658 1381 3778 nropygiurn
1408 3663 1469 3771 7⁹.
1497 3663 1657 3748 caudae
1686 3669 1748 3749 8⁴.
1775 3660 1850 3746 a''‘-.
1876 3659 1939 3744 ul

249 3840 336 3907 Μ
359 3814 520 3905 alarum
547 3817 608 3926 9⁰.
641 3823 735 3903 ro'''.
761 3846 1040 3934 expansarum
1067 3818 1117 3902 a‘.
1143 3823 1208 3903 δ”.
1230 3813 1438 3901 tibiarum
1469 3816 1524 3901 r¹'.
1554 3812 1625 3900 2⁰¹.
1652 3808 1781 3927 digiti
1800 3809 1937 3896 medii

251 3997 355 4056 cum
380 3967 494 4092 (5².)
519 3998 657 4085 tmgue
692 3976 747 4055 r''.
776 3975 865 4065 6}‘''.

615 4206 1098 4304 m.rALCo
1187 4209 1586 4300 Nmmwms

389 4378 439 4462 F.
468 4404 564 4463 cera
601 4373 865 4492 pedibusque
904 4377 1260 4476 folrescentibus,
1298 4370 1547 4460 rectricibus
1587 4364 1716 4454 fascia
1749 4363 1836 4450 lata
1869 4365 1934 4451 ni·
1989 4360 2005 4379 ⁹

251 4556 328 4649 gra
355 4528 476 4648 apice
503 4528 623 4615 albis.
1395 4544 1399 4551 ·

470 4679 762 4769 'linnunculus
788 4712 821 4767 s.
849 4679 1056 4768 Cenchris
1085 4688 1338 4777 Auctomm,
1374 4679 1554 4764 Βτὶποη.
1579 4704 1668 4761 ora.
1696 4674 1731 4760 1.
1767 4704 1808 4789 p.
1839 4681 1933 4776 393.

527 4833 668 4925 Albas
696 4864 763 4922 aa.
786 4839 869 4923 ΙΙΙ.
897 4834 983 4923 tab.
1013 4849 1050 4925 5.
1078 4838 1187 4919 Mas.
1213 4835 1250 4916 l.
1279 4831 1364 4922 tab.
1395 4860 1435 4946 7.
1454 4832 1629 4941 femina.
