4410 5910
1021 337 1190 403 ἘΞ
1873 356 1960 446 ³09

263 562 345 679 jori
372 582 491 679 parte
520 581 647 645 atrae.
720 555 868 640 Cordo
896 549 974 637 aiis
1000 549 1190 656 brevior,
1234 547 1374 665 strigis
1401 552 1646 640 transversis
1674 556 1801 643 rectis
1829 556 1959 675 nigri·

263 714 479 818 cantibus,
506 711 662 798 mediis
687 707 838 824 pennis
866 702 1110 822 pulveratis.
1137 755 1187 770 -
1215 704 1348 789 Irides
1375 703 1577 806 citrinae,
1603 731 1650 794 ut
1678 712 1879 815 Bubonis.
1902 765 1960 784 --

261 869 496 983 Largitudo
526 869 579 952 ab
606 892 719 948 unco
744 862 798 944 ad
826 857 1080 974 uropygium
1121 864 1182 943 δ”.
1227 859 1298 942 a“'.
1368 857 1543 945 Caudae
1580 868 1643 948 5“.
1685 866 1756 949 3*ss
1799 866 1957 951 alarum

262 1049 545 1135 expansarum
573 1029 621 1103 o'.
651 1015 711 1102 δ”.
748 1015 841 1101 rom.
899 1012 1033 1096 Ulnae
1065 1009 1226 1095 alarum
1259 1012 1341 1095 11''.
1411 1012 1509 1095 Mas
1535 1035 1578 1097 et
1595 1017 1756 1123 femina
1784 1017 1955 1123 auritas,

258 1200 340 1292 per
379 1170 522 1257 omnia
572 1167 746 1255 similes.
818 1162 996 1252 Femina
1022 1160 1174 1287 ¹paulo
1223 1163 1503 1280 ponderosior
1546 1165 1701 1253 libram
1748 1167 1961 1256 medicam

254 1326 510 1441 subsequar.

706 1496 750 1582 Q
842 1481 1149 1575 STRYX
1235 1483 1518 1600 Afflmma

383 1632 426 1717 S.
456 1630 667 1717 subaurita
696 1633 814 1715 fulvo
841 1626 975 1731 varia,
1005 1626 1165 1744 remige
1192 1626 1354 1711 extima
1380 1649 1538 1712 serrata
1565 1629 1680 1730 alba,
1709 1629 1963 1718 rectricibus

256 1778 533 1871 intermediis
558 1781 774 1887 ocellatis,
802 1781 932 1867 litura
956 1808 1069 1895 pone
1097 1779 1247 1866 oculos
1273 1800 1374 1864 atra.
2037 1764 2040 1775 ¹

480 1939 590 2024 Otus
616 1932 881 2021 bubonoides
916 1933 1024 2017 alter
1056 1932 1127 2016 rel
1160 1937 1330 2017 Noctua
1357 1954 1556 2019 montana
1584 1935 1724 2022 minor
1751 1935 1961 2052 Kirgisica

538 2087 673 2173 aurita
700 2088 982 2172 Messerscbm.
1011 2086 1133 2168 Dior.
1161 2086 1253 2169 MS.

479 2244 607 2356 Stryx
642 2238 832 2324 breviter
860 2235 1015 2339 aurita,
1045 2238 1165 2322 Zool.
1197 2237 1345 2322 britan.
1375 2269 1474 2353 pag.
1489 2274 1557 2351 71.
1586 2271 1648 2356 sp.
1679 2275 1718 2326 a.
1751 2243 1837 2327 tab.
1865 2245 1906 2326 Β
1919 2257 1959 2330 3.

533 2413 575 2480 et
601 2396 696 2496 134.
713 2380 799 2505 ᾗς.
832 2425 869 2476 a.
915 2389 1039 2476 ZooL
1078 2408 1180 2476 aret.
1208 2393 1269 2474 Η.
1307 2421 1406 2506 pag.
1438 2425 1530 2500 aa9.
1572 2396 1763 2481 Lotlaam.
1800 2426 1895 2508 syn.
1923 2398 1959 2478 l.

536 2574 636 2663 pag.
672 2544 767 2648 124ss
789 2574 853 2659 sp.
882 2579 923 2653 9.

370 2695 610 2791 Calmuccis
640 2696 999 2783 ooli-Sobobuhu
1025 2700 1247 2808 (Montana
1274 2693 1400 2808 avis).
1455 2696 1665 2812 Tungusis
1691 2700 1958 2818 Nuplrupturr.

323 2852 328 2859 ’
424 2846 660 2962 Samojedis
687 2852 986 2964 Choneptscbu.
1051 2846 1238 2934 Ostiacis
1278 2849 1477 2945 Mund613
1518 2850 1572 2934 ad
1599 2851 1813 2938 Jeniseam
1838 2857 1961 2943 Alle-

421 3003 604 3090 sltattud.
690 2997 905 3089 Camtsch.
954 2995 1152 3087 Ukintzis
1204 3000 1575 3098 Tachidtsclritsclar
1615 3004 1957 3091 occidentalibus

420 3158 644 3273 Sippuclra.

271 3352 281 3361 -
395 3314 446 3393 In
474 3305 626 3394 Russia
651 3303 763 3394 mihi
790 3334 1005 3421 nunquam
1032 3307 1195 3406 oblata,
1223 3335 1305 3395 nec
1332 3305 1500 3413 audita,
1536 3336 1622 3394 non
1643 3330 1789 3393 tamen
1808 3311 1957 3395 deesse

252 3458 526 3579 negaverim,
551 3492 680 3576 quum
708 3460 756 3544 in
782 3461 939 3574 Anglia
967 3463 1024 3546 ab
1048 3463 1241 3546 Amiciss.
1269 3462 1520 3567 Pennont,
1563 3458 1611 3546 in
1640 3461 1790 3579 Belgio
1819 3493 1843 3546 a
1870 3489 1957 3545 me·

251 3613 355 3731 ipso
377 3614 591 3728 quondam
621 3615 838 3698 obserrma
867 3612 936 3697 sit.
993 3618 1212 3728 Frequens
1234 3642 1335 3698 vero
1371 3636 1436 3698 est
1474 3613 1523 3698 in
1571 3612 1730 3701 Sibiria
1768 3613 1958 3701 maxime
1991 3720 1994 3725 .

252 3763 420 3855 boreali
447 3786 492 3849 et
528 3763 743 3880 sylvestri,
784 3764 1065 3881 omniumque
1104 3764 1360 3850 creberrime
1402 3789 1602 3882 apparet,
1640 3789 1772 3853 noctu
1806 3769 1957 3854 crebro
2055 3740 2060 3745 ¹

253 3920 310 4007 ad
338 3915 548 4004 excitatos
581 3916 701 4033 ignes
731 3918 956 4022 advolans,
996 3940 1124 4033 atque
1157 3915 1381 4005 bominem
1404 3919 1536 4005 muris
1564 3918 1789 4006 stridorem
1815 3918 1958 4004 imita·-

250 4092 396 4159 turum
423 4070 531 4156 adeo
560 4073 759 4158 audacter
783 4069 1016 4185 impetens,
1060 4093 1108 4154 ut
1147 4064 1303 4157 baculo
1342 4069 1471 4157 facile
1502 4069 1644 4157 occidi
1673 4094 1802 4186 queat
1828 4092 1873 4156 et
1899 4098 1958 4155 ex

251 4220 490 4339 improviso
517 4252 642 4342 saepe
669 4227 758 4310 fere
799 4221 932 4340 capiti
972 4220 1171 4310 insideat.
1241 4230 1291 4308 In
1318 4222 1624 4309 excelsioribus
1650 4222 1782 4308 ramis
1806 4225 1959 4310 sedens

251 4374 421 4463 collisis
446 4375 633 4460 maxillis
661 4376 845 4490 graviter·
872 4376 1070 4460 frendens
1098 4375 1346 4476 exauditur,
1373 4404 1498 4490 saepe
1526 4397 1641 4460 recta
1668 4406 1830 4462 sursum
1857 4406 1956 4463 ero-

248 4528 368 4629 lans,
409 4529 481 4614 rel
511 4528 567 4617 ,in
609 4530 780 4614 dorsum
813 4534 1001 4644 projecta
1031 4529 1119 4613 alas
1145 4526 1335 4641 agitans,
1378 4556 1531 4613 rocem
1557 4526 1684 4613 iterat
1711 4528 1885 4613 feralem
1899 4577 1957 4595 -

250 4682 351 4767 Hu-
366 4680 454 4767 bu·
468 4682 575 4780 buu,
612 4683 745 4819 ferme
772 4686 952 4796 Upupae
994 4679 1206 4784 similem,
1247 4682 1322 4764 sed
1363 4677 1594 4767 tristiorem
1635 4702 1680 4765 et
1721 4678 1955 4765 fortiorem.

251 4836 740 4924 Messcrsclrmidius
765 4829 979 4954 prodidit,
1021 4829 1133 4921 circa
1173 4830 1481 4920 Monasterium
1506 4832 1957 4923 temdum-bosso
