4410 5910
1050 436 1199 493 Ξ

569 630 682 767 tlt.
773 633 1189 764 's'etu'ltus
1262 676 1685 773 caucasisus,
1780 726 1783 733 ·

198 960 202 966 ¹
281 968 285 979 Ι
422 863 464 945 8.
507 857 704 945 auriculis
752 856 1041 966 imberbibus,
1094 885 1268 974 corpore
1326 887 1449 972 supra
1484 858 1601 945 fusco
1623 908 1639 926 ·
1659 852 1970 963 cinerttscente,¹

278 1013 421 1100 subtus
450 1015 556 1100 rufo.

495 1171 592 1252 An?
621 1163 786 1251 Sciurus
814 1164 1079 1281 erythraeus,
1116 1166 1238 1249 Penn.
1267 1195 1362 1276 syn.
1391 1162 1536 1279 quadr.
1564 1166 1607 1249 d.
1637 1180 1733 1271 4⁰9·
1760 1194 1802 1249 rt.
1833 1198 1927 1273 27¹·

496 1317 663 1404 Scimus
686 1319 920 1421 anomalus,
951 1322 1122 1404 Gmelirr.
1151 1338 1256 1429 syst.
1285 1320 1376 1401 Lin.
1404 1320 1439 1398 Ι.
1467 1330 1509 1431 p.
1532 1328 1620 1421 148.
1648 1346 1712 1433 sp.
1734 1329 1798 1404 ιδ.
1827 1316 1964 1403 setra-

550 1472 632 1558 ber.
660 1479 870 1557 mommal.
898 1476 933 1554 Ι.
963 1507 1005 1587 p.
1033 1485 1126 1581 781.
1156 1470 1240 1556 tab.
1272 1483 1365 1558 215.
1394 1471 1446 1553 C.

492 1621 723 1708 lmiretinis
751 1627 862 1708 Frio.
1252 1622 1274 1731 J

408 1779 594 1861 Auctore
631 1779 718 1861 cet
747 1779 1123 1863 Gu'ldenstuedt
1165 1777 1359 1890 frequens
1392 1795 1455 1859 est
1489 1772 1535 1857 in
1572 1768 1722 1887 legetis
1760 1792 1807 1859 et
1841 1794 1961 1889 quet·

271 1926 377 2015 cetis
405 1924 640 2042 subalpinis
667 1951 711 2013 et
739 1928 949 2043 montanis
986 1929 1184 2028 Caucasi,
1220 1957 1351 2042 usque
1397 1924 1444 2010 in
1473 1924 1668 2049 Colckos.
1741 1926 1783 2008 V
1778 1956 1837 2012 ox
1873 1923 1961 2010 stri·

270 2080 390 2183 dista,
421 2080 508 2164 fere
537 2078 678 2194 Spini,
710 2112 734 2164 a
762 2081 926 2196 vtrlgari
953 2081 1090 2166 sciuro
1133 2080 1313 2166 diversa.
1378 2077 1484 2162 Salit
1504 2105 1582 2193 per
1603 2077 1770 2162 arbores
1799 2056 1961 2193 orgyuli

270 2259 396 2346 saepe
423 2229 665 2319 intervella.
727 2233 928 2320 Colorem
955 2231 1110 2348 hyeme
1140 2264 1225 2321 non
1252 2253 1400 2317 mutat.

404 2484 706 2602 Descriptio
734 2486 1079 2573 Gr'tldenstoedtii:
1108 2489 1277 2572 Statura
1298 2508 1343 2571 et
1366 2481 1612 2599 magnitudo
1635 2481 1722 2566 fere
1742 2477 1957 2570 Sciurira·

266 2631 335 2723 rii.
392 2637 525 2723 Aures
552 2642 744 2740 obtusae,
781 2640 881 2754 pilis
909 2638 1167 2726 brevissimis
1208 2639 1400 2741 vestitae,
1443 2621 1528 2722 nou
1552 2637 1766 2721 barbatae.
1825 2636 1954 2738 Oculi,

264 2810 495 2902 myrtoum,
533 2791 691 2894 dentes,
731 2824 799 2890 os,
835 2814 882 2877 ut
914 2789 960 2875 in
989 2790 1155 2875 eodem.
1225 2793 1277 2873 M
1273 2812 1439 2911 ystaces
1475 2787 1626 2904 capitis
1667 2766 1953 2902 longitudiner

266 2946 377 3027 s'etoe
407 2957 445 3028 3.
474 2940 698 3058 pollicares
726 2974 849 3059 supra
891 2940 1094 3029 canthum
1131 2943 1386 3029 anteriorem
1415 2939 1548 3026 oculis
1590 2937 1774 3025 totidem
1803 2932 1956 3055 sesqui·

261 3090 486 3209 pollicares
512 3092 623 3179 infra
649 3094 851 3180 canthum
878 3094 1108 3210 posticum,
1147 3093 1334 3181 solitaria
1361 3093 1407 3178 in
1437 3114 1601 3194 mentm
1643 3114 1809 3208 septem
1838 3088 1953 3178 circi·

259 3267 326 3330 ter
352 3245 599 3360 pollicares,
627 3246 870 3364 inaequales
898 3249 973 3333 sub
996 3279 1137 3364 carpo.
1192 3248 1364 3332 Palmae
1381 3244 1706 3359 tetradactylae;
1736 3266 1861 3330 acute
1884 3272 1953 3329 un·

259 3396 520 3513 guiculatae,
551 3402 780 3486 accedente
808 3430 946 3516 ungue
977 3407 1166 3516 pollicari
1194 3420 1377 3501 remoto,
1407 3399 1556 3516 plano,
1584 3398 1756 3496 obtuso;
1787 3404 1952 3512 plantae

258 3552 598 3667 pentadactylae.
656 3553 804 3638 Coudo
831 3553 938 3656 lata,
979 3550 1184 3655 disticha,
1227 3551 1320 3636 basi
1348 3548 1605 3666 cylindrica,
1645 3546 1767 3664 apice
1795 3550 1951 3635 reflexa

258 3702 448 3787 medium
482 3702 684 3789 verticem
726 3703 948 3817 attingens.
1006 3707 1151 3790 Color.-
1190 3727 1358 3807 vertex,
1401 3701 1558 3787 collum
1588 3731 1730 3816 supra,
1768 3701 1948 3804 dorsum,

258 3851 418 3937 femora
446 3853 677 3969 posteriora
705 3856 909 3960 exterius,
953 3856 1064 3943 basis
1092 3858 1259 3942 caudae
1278 3854 1547 3972 cylindracea
1574 3877 1618 3938 et
1646 3854 1781 3939 caude
1810 3856 1948 3941 subtus

256 4025 347 4089 tota
377 4003 690 4108 atro-cinerea,
720 4007 910 4125 apicibus
938 4008 1122 4124 pilorum
1152 4007 1326 4111 albidis,
1372 4006 1503 4123 idque
1532 4004 1665 4120 magis
1694 4004 1741 4089 in
1772 4004 1945 4092 anterio·

255 4152 391 4261 ribus,
422 4189 549 4274 quam
564 4158 610 4244 in
639 4159 953 4277 posterioribus.
993 4167 1191 4246 Rostrum
1219 4183 1263 4246 et
1292 4189 1410 4246 aures
1439 4158 1792 4244 fusco-brunnen.
1848 4160 1944 4246 Om-

252 4307 326 4393 nia
356 4306 497 4397 subtus
526 4344 549 4395 a
578 4313 674 4429 gula
704 4314 757 4398 ad
786 4343 934 4412 auum,
962 4316 1091 4429 pedes
1107 4310 1353 4417 anticitoti‚
1384 4309 1539 4427 postici
1560 4308 1758 4416 interius,
1789 4334 1835 4397 et
1854 4338 1941 4397 cau·

252 4464 333 4549 dae
360 4493 454 4579 pars
483 4471 616 4574 major
643 4462 828 4551 disticha
857 4463 1046 4580 superius
1087 4464 1372 4582 lateribusque
1408 4467 1597 4549 brunnea
1624 4469 1779 4575 (rufo),
1822 4463 1941 4549 sbdo-

250 4645 350 4701 men
380 4614 575 4721 dilutius,
606 4620 739 4704 cauda
768 4616 1064 4702 intensissime.
1083 4671 1138 4686 —
1165 4616 1399 4733 Longitudo
1421 4613 1615 4700 animalis
1644 4615 1697 4698 ad
1726 4645 1856 4701 unum
1882 4618 1938 4701 δ”.

252 4768 324 4851 6“‘.
354 4766 512 4853 candae
542 4774 602 4876 7‘'.
631 4770 813 4856 latitudo
855 4771 1012 4856 caudae
1044 4772 1103 4856 ᾤ’.
1134 4774 1206 4857 6”’.
1269 4772 1443 4856 Tractus
1484 4754 1730 4854 intestinalis
1758 4783 1813 4856 60
1840 4762 1937 4885 pull·

250 4947 417 5007 coecum
441 4918 726 5034 incurvatum,
755 4926 962 5040 amplum,
992 4920 1254 5040 bipollicare.
1316 4926 1570 5011 Ventriculus
1596 4919 1854 5031 incurvatus,
1878 4913 1934 5005 bi·
