4410 5910
1740 357 1879 473 111,
2012 439 2018 451 .

100 629 325 722 -murium
365 653 526 748 greges
562 640 828 748 generant,
858 604 978 743 quae
1014 654 1152 745 saepe
1189 627 1423 748 Europam
1460 648 1678 731 nostram,
1725 633 1828 746 bar·

127 809 344 923 {rarorum
389 803 527 896 instar
572 801 763 889 eandem
807 797 917 886 olim
966 829 1030 931 ex
1076 803 1236 900 eadem
1280 804 1428 920 patria
1482 804 1829 934 inundantium,

136 980 449 1094 devastarunt.
581 973 815 1091 Aquarum
868 1001 979 1060 vero
1033 974 1482 1093 vastissimorumque
1538 977 1723 1068 lacuum
1776 978 1827 1066 in

137 1151 412 1248 australibus
447 1141 477 1265 (z
497 1150 659 1266 quales
696 1145 919 1249 Maeotis,
972 1140 1196 1263 Caspius,
1241 1147 1481 1252 AralicuS,
1533 1149 1862 1260 Barabenses,

126 1322 293 1440 Balcal
316 1324 347 1446 z)
384 1324 545 1440 copia,
583 1323 783 1410 Faunam
820 1339 1016 1410 nostram
1034 1350 1124 1409 non
1154 1323 1303 1410 solum
1340 1324 1506 1413 avibus
1543 1324 1825 1442 aquatilibus

128 1498 438 1612 australibus,
507 1497 616 1583 mire
654 1492 855 1610 copiosis
891 1513 940 1581 et
974 1491 1139 1599 variis,
1212 1496 1292 1583 sed
1330 1515 1377 1584 et
1412 1494 1610 1616 piscium
1652 1497 1822 1618 insigni

130 1673 355 1768 uarietate
393 1689 592 1791 augent,
627 1695 817 1785 quorum
856 1670 1025 1756 multos
1062 1667 1174 1755 alibi
1210 1669 1375 1758 frustra
1413 1698 1618 1782 quaeras.

230 1879 233 1884 ¹
305 1843 499 1943 Minime
554 1841 756 1930 omnium
809 1841 965 1930 adhuc
1018 1859 1127 1931 nota
1181 1861 1289 1931 sunt
1341 1843 1528 1936 marium
1580 1844 1823 1937 Rossicum

132 2017 392 2134 Imperium·
413 2016 690 2137 alluentium
728 2033 941 2129 contenta
969 2016 1090 2104 etin
1125 2015 1201 2104 bis
1237 2017 1382 2105 multa
1419 2019 1573 2105 adhuc
1609 2019 1823 2107 addenda

145 2192 325 2307 posteris
369 2189 738 2280 observatoribus
784 2190 1010 2306 relinquo.
1128 2186 1283 2277 Multa
1329 2209 1482 2278 tamen
1529 2193 1717 2313 egregia
1762 2221 1824 2287 ex

134 2366 531 2456 observationibus
577 2362 612 2450 S
624 2362 815 2451 tellcri
851 2381 966 2451 terra
1002 2363 1274 2485 pelagogue
1309 2365 1468 2472 jactati
1504 2382 1553 2452 et
1596 2354 1856 2455 1111111111

133 2534 341 2645 Mettio
388 2537 769 2655 speciminibus,
803 2566 863 2624 ex
908 2536 1120 2626 orientali
1165 2535 1374 2644 Oceano,
1438 2538 1566 2627 varia
1621 2531 1822 2635 etiamse
1915 2580 1925 2596 ²

132 2714 242 2799 mari
278 2693 478 2834 glaciali¹
509 2729 556 2798 et
593 2713 699 2801 albo
738 2712 892 2798 studio
937 2710 1009 2798 Le
1018 2709 1244 2828 pechini
1279 2728 1328 2798 et
1362 2713 1555 2824 studiosi
1590 2715 1683 2800 mei
1717 2713 1820 2805 sas.

131 2882 167 2991 S
174 2912 201 2971 u
204 2851 260 2996 je
256 2873 313 3008 f,
351 2906 401 2975 et
434 2887 621 3003 pontica
659 2916 685 2971 e
723 2885 906 3002 propria
943 2885 1261 2973 observatione
1297 2885 1643 2996 innotueruntj

306 3058 411 3148 Non
446 3088 627 3177 possum
665 3088 757 3148 non
793 3060 871 3146 hic
908 3061 1046 3147 etiam
1082 3060 1348 3169 observare,
1385 3059 1597 3148 Sibiriam
1626 3062 1822 3156 maxime

133 3234 402 3322 orientalem
446 3233 496 3319 in
538 3233 836 3332 animalibus,
908 3234 1074 3320 avibus
1112 3249 1161 3317 et
1194 3231 1402 3349 piscibus
1438 3227 1594 3350 (utin
1628 3233 1822 3355 plantis)

136 3409 279 3505 multa
331 3409 503 3499 habere
558 3434 659 3495 cum
715 3404 927 3493 America
981 3405 1263 3504 communia,
1317 3405 1377 3490 de
1429 3433 1522 3522 quo
1577 3433 1661 3492 suo
1716 3407 1839 3517 loco·

141 3580 295 3686 [usius.
387 3579 602 3671 Notabile
639 3580 776 3668 etiam
814 3573 1151 3668 Chersonesum
1185 3544 1431 3680 tauricam,
1492 3580 1610 3666 licet
1644 3577 1825 3666 felicis·

149 3750 245 3842 simo
281 3758 366 3843 sub
404 3756 536 3842 coelo
572 3755 789 3870 positam,
853 3772 900 3840 et
936 3738 1166 3855 arborum,
1225 3753 1559 3869 herbarumque
1594 3753 1821 3840 varietate

151 3946 462 4034 praestantem,
525 3926 716 4050 Insectis
764 3945 812 4013 et
855 3927 964 4014 item
1001 3928 1172 4015 avibus
1218 3954 1317 4012 esse
1362 3924 1719 4043 pauperrimam,
1775 3942 1824 4010 et

158 4104 376 4207 quotannis
421 4104 572 4206 fere,
621 4120 809 4219 propter
852 4100 1179 4226 intempestiva
1223 4099 1339 4188 forte
1386 4099 1593 4188 vernalia
1636 4096 1820 4218 frigora,

160 4277 449 4389 pauperiorem
487 4276 596 4363 sreri.

199 4493 202 4500 ·
306 4450 524 4539 Omnium
559 4451 719 4537 harum
755 4449 994 4570 regionum
1030 4449 1277 4538 animantia
1312 4448 1470 4537 ordine
1499 4466 1547 4535 et
1573 4447 1819 4567 generibus

161 4601 365 4728 disposui,
401 4651 520 4741 quae
557 4624 671 4710 mihi
707 4649 884 4740 semper
920 4619 1118 4711 Naturae
1155 4624 1352 4712 maxime
1389 4639 1694 4708 consentanea
1718 4621 1821 4708 visa

166 4797 272 4894 tunt,
305 4813 351 4880 et
385 4826 574 4914 quorum
610 4800 832 4914 pleraque
854 4796 858 4809 ”
868 4797 1222 4912 sapientioribus
1258 4795 1421 4911 pri-oris
1458 4795 1565 4882 aevi
1602 4792 1828 4914 Zoologis
