4410 5910
255 430 343 517 sm
1014 422 1168 477 ===

364 630 507 719 Rotsis
520 633 748 717 Kamenrtoi
760 627 902 715 Barim
929 624 1041 741 (ovis
1056 617 1274 741 rupestri's)
1302 623 1372 710 vel
1385 622 1512 711 Diboi
1526 626 1668 711 Barba
1694 620 1809 737 (ovis
1822 622 1947 737 sera)

356 854 361 863 .
418 781 759 898 Kirgiso·tatatis
794 785 951 879 Arisbr3
989 779 1147 865 lactatis
1186 780 1443 865 Tschubulsis.
1522 774 1737 890 Mongolis
1769 780 1947 891 Argolis

418 968 508 1023 snas
536 937 736 1021 Grtldslza.
791 930 1208 1048 Tangam-Lamotis
1235 933 1541 1019 Dslroladslrdn.
1611 927 1783 1017 Arinzia
1822 932 1948 1015 Ysclr·

415 1093 484 1173 lus.
539 1086 743 1202 Juoagiris
782 1089 1059 1184 Thannaclro3
1116 1080 1312 1170 coruscis
1360 1088 1529 1205 Kytyp.
1607 1080 1946 1173 camachsdalis

418 1226 779 1333 Goadinadatscls5
810 1235 988 1323 Ultimis
1014 1236 1177 1320 Kuldm.

388 1390 716 1477 Nobilissimum
741 1412 786 1475 et
812 1412 969 1476 statura
997 1410 1043 1472 et
1069 1383 1260 1500 agilitate
1284 1388 1447 1474 animal
1483 1391 1537 1475 ab
1572 1388 1745 1475 Altaico
1778 1409 1826 1473 et
1859 1414 1944 1473 me·

192 1552 198 1561 '
252 1541 328 1630 dio
355 1542 483 1627 Asiae
512 1542 681 1657 alpestri
718 1550 837 1658 jugo,
878 1568 1164 1660 peromnem
1204 1538 1456 1626 orientalem
1496 1539 1706 1627 montium
1747 1562 1946 1641 tractum,

251 1726 383 1813 usque
411 1693 456 1779 in
491 1693 761 1779 Peninsulam
782 1690 1143 1796 Camtschatcam,
1173 1689 1261 1780 imo
1281 1692 1600 1781 verosimillime
1622 1691 1669 1776 in
1691 1688 1945 1778 Continenti

252 1844 499 1947 Americae,
528 1853 588 1959 (*)
625 1842 732 1931 locis
761 1836 947 1931 maxime
976 1845 1153 1930 desertis
1183 1869 1355 1961 vagatur
1381 1848 1521 1965 parvis
1550 1844 1768 1965 gregibus,
1809 1842 1946 1931 homi·

250 1990 317 2087 ¹nis
345 1997 627 2116 frequentiam
655 1995 840 2112 fugiens,
885 1994 1049 2112 frigoris
1089 1995 1275 2112 patiens,
1320 1998 1532 2086 montibus
1575 1996 1728 2116 apricis
1755 1996 1944 2111 gaudens

248 2170 295 2235 et
332 2149 558 2265 asperrima
592 2148 688 2235 loca
727 2120 1011 2265 frequentans.
1082 2154 1133 2232 In
1173 2149 1444 2237 occidentem
1485 2150 1561 2237 rix
1602 2147 1830 2267 processit,
1872 2146 1945 2237 ubi

250 2301 527 2419 praecedenti
554 2299 735 2418 speciei,
767 2300 1029 2387 australiores
1057 2298 1161 2387 situs
1189 2303 1366 2431 amanti,
1403 2304 1545 2391 locum
1572 2298 1793 2388 concessit.
1857 2298 1944 2387 nii·

255 2454 339 2571 lert
377 2453 689 2571 magnitudine,
733 2454 899 2557 colore,
940 2451 1149 2539 brevitate
1186 2457 1366 2554 caudae,
1406 2485 1512 2539 sexu
1546 2477 1725 2569 utroque
1754 2456 1942 2540 cornuto.

250 2605 600 2723 Descriptionem
628 2604 731 2691 dedi
758 2602 805 2693 in
830 2610 1083 2723 Spicilegiiss
1110 2609 1252 2695 Icones
1277 2639 1355 2725 pro
1370 2606 1686 2724 comparatione
1713 2632 1813 2693 cum
1836 2610 1944 2693 Mur·

252 2786 380 2845 mone
408 2756 482 2845 hic
511 2757 662 2874 adjeci.

628 2920 759 3013 12&
847 2912 1366 3013 AEGOCEROS
1437 2922 1593 3021 wmj

388 3050 481 3151 ΑΕ,
511 3061 738 3170 imberbis,
789 3062 987 3151 cornibus
1025 3064 1279 3181 compressis
1319 3062 1505 3168 lunatis,
1557 3060 1803 3182 spiraliter,
1851 3082 1943 3149 cot·

251 3216 396 3321 tortis,
423 3216 621 3304 nullisve.

261 3432 578 3463 *uu-*u*

304 3563 364 3654 (*)
389 3562 546 3633 Videtur
569 3563 643 3634 boc
666 3567 926 3634 recentissimis
952 3561 1266 3634 observationibus
1291 3564 1523 3652 confirmari,
1564 3568 1666 3657 cujus
1697 3568 1771 3659 jam
1803 3562 1944 3655 pristini

391 3684 628 3754 'itineratoies
653 3691 900 3775 suspicionem
924 3690 1128 3755 moverant
1193 3688 1254 3753 Sie
1281 3680 1336 3757 iti.
1362 3680 1493 3756 Aaron.
1531 3678 1699 3774 l’igefetta
1730 3687 1831 3778 apud
1865 3682 1940 3757 Ra·

391 3825 555 3873 annsrum
610 3804 710 3897 (Vol.
737 3800 767 3875 l.
801 3829 836 3901 p.
870 3830 954 3894 354·
980 3806 1038 3895 b.)
1067 3808 1276 3875 memoriae
1309 3806 1476 3897 prodidit
1505 3810 1772 3879 intonasti.
1812 3806 1942 3877 Julid

395 3920 623 4013 Magagiiorir
650 3933 769 3999 socios
795 3932 1006 4007 vidisse-
1038 3940 1155 4015 „certe
1174 3948 1272 4019 capre
1296 3928 1412 4016 luagbe
1434 3930 1468 4001 ai
1491 3950 1605 4025 corpo,
1637 3930 1804 4001 sanitate
1829 3926 1938 4001 Missi·

388 4049 557 4139 ,.‘'0rcs.“
589 4086 620 4101 ·
654 4055 694 4116 et
719 4052 756 4115 in
780 4050 961 4120 relatione
986 4047 1145 4121 Franciscr'
1178 4046 1333 4139 Varqaez
1367 4052 1405 4120 dr
1443 4046 1613 4123 Coronea
1651 4052 1752 4141 apud
1788 4052 1937 4123 eundern

390 4160 579 4240 Raraunum
601 4162 698 4260 (Vol.
724 4166 795 4241 ΙΙΙ.
823 4192 857 4263 p.
888 4173 970 4254 abr.
997 4168 1044 4257 l.)
1071 4170 1167 4239 litter
1195 4168 1367 4239 sarmata
1399 4176 1501 4263 regni
1527 4168 1688 4244 Cevolte
1710 4178 1840 4243 Novae
1863 4176 1934 4239 llis·

392 4295 523 4379 paniae
547 4296 691 4380 vicino,
717 4294 1007 4377 mediterraneo,
1048 4294 1092 4359 lit
1118 4295 1257 4360 mentio
1275 4329 1327 4349 -
1359 4295 1432 4378 „ci
1464 4295 1541 4364 cmi
1574 4293 1712 4363 castrati
1734 4298 1817 4365 setta
1840 4314 1931 4381 gm-

392 4414 532 4499 „dtzza
556 4410 844 4499 dissecamus,
869 4437 927 4486 con
953 4411 1040 4483 carni
1065 4414 1161 4481 molto
1183 4413 1301 4499 grandi
1330 4416 1445 4483 erade
1467 4415 1644 4508 praelat
1677 4436 1836 4507 quorum
1859 4434 1928 4483 cor·

389 4552 462 4599 nua
487 4535 672 4603 mirandae
699 4536 958 4623 magnitudinis
982 4556 1003 4602 a
1030 4555 1069 4603 se
1095 4538 1173 4603 visa
1200 4536 1313 4604 addit„
1365 4540 1417 4605 De
1441 4536 1580 4604 tenella
1603 4542 1646 4605 et
1676 4536 1859 4605 albissima
1875 4530 1926 4600 tiis

390 4650 476 4723 lana
501 4656 799 4725 Americanorurn
825 4663 925 4747 cujus
951 4662 988 4724 in
1013 4654 1123 4747 Spicil.
1160 4642 1294 4743 Zoalog.
1320 4642 1417 4729 Fare.
1445 4654 1520 4727 Xi.
1545 4679 1579 4751 p.
1612 4678 1672 4741 24.
1699 4671 1768 4727 sot.
1788 4682 1818 4729 r.
1841 4672 1922 4723 ner·

388 4779 447 4843 tio
474 4770 570 4844 facta
602 4780 679 4864 est,
718 4784 757 4849 et
773 4786 878 4868 'quae
901 4799 951 4850 ex
983 4777 1157 4872 rigares
1184 4778 1350 4850 renata
1375 4776 1545 4871 videtur,
1583 4780 1805 4853 multassent
1837 4774 1908 4849 ir·

388 4915 546 4969 corner
567 4903 606 4967 in
628 4894 812 4973 itinerario.
1645 4944 1648 4949 ·
