4410 5910
199 334 268 441 82'
971 328 1139 425 §aa

194 594 263 656 ιω
289 590 333 655 a
367 532 612 670 storacem,
653 576 871 685 mamas
904 562 1298 655 examinantem
1330 566 1476 684 gnta,
1513 598 1628 671 aa,
1654 566 1901 687 aeneam

194 719 336 808 oolore
364 719 681 808 cohaerentem.
738 724 873 809 Aures
898 719 1194 825 brevissimae,
1234 720 1366 824 latae,
1407 722 1679 825 rotundatas,
1717 719 1899 841 pilottte,

193 872 353 961 vellete
380 877 470 961 fere
499 872 814 961 delitescentes.
868 876 1086 989 Mystncas
1111 895 1158 959 et
1183 871 1266 990 pili
1291 872 1586 991 supraoiliares
1609 873 1739 990 nigri.
1802 876 1900 963 Vet-

192 1032 259 1116 tas
284 1024 332 1112 in
359 1049 454 1112 toto
480 1054 657 1143 corpore
684 1028 813 1144 paulo
840 1026 1032 1132 mollins,
1077 1056 1206 1142 quam
1230 1032 1410 1130 Lutrae,
1453 1026 1654 1141 lanugine
1679 1054 1812 1143 usque
1839 1027 1900 1117 al

192 1186 337 1266 cutem
363 1180 482 1265 flisco
495 1176 658 1293 -nigra,
727 1178 972 1266 Altitudine
1001 1180 1073 1268 6⁶².
1115 1200 1159 1265 et
1193 1176 1275 1296 pili
1301 1178 1516 1293 longiores
1543 1180 1613 1286 9‘⁰.
1655 1181 1807 1267 Cende
1833 1201 1899 1267 te-

191 1328 483 1448 reti-pilosa,
518 1330 610 1447 pilo
636 1328 987 1449 sesquipollicari.
1054 1334 1210 1421 Dentes
1247 1331 1448 1448 pedesque
1484 1328 1533 1417 in
1572 1330 1687 1448 pelle
1726 1332 1893 1421 absunt·

191 1482 319 1569 Pollis
343 1483 467 1588 dura,
502 1514 661 1588 craesa,
697 1483 987 1588 tenacissima,
1029 1506 1177 1602 utpote
1206 1481 1402 1573 animalis
1431 1480 1619 1601 aquatici
1625 1518 1640 1589 ς
1677 1512 1761 1573 nec
1787 1483 1891 1573 ideo

190 1637 246 1722 ad
273 1634 545 1723 mustelinum
574 1664 704 1753 genus
732 1635 946 1755 pertinere
974 1634 1154 1724 videtur.

627 2124 719 2235 vt.
784 2122 1444 2237 MUSTELAE

325 2504 468 2587 Genus
496 2501 775 2589 Mustelinum
800 2501 1133 2589 Vermineumve
1160 2503 1280 2620 Rajt·
1307 2500 1504 2616 (Synops.
1527 2495 1673 2616 quadr.
1702 2528 1746 2615 p.
1761 2500 1881 2610 '¹9⁵·)

188 2648 297 2735 adeo
324 2652 513 2739 naturale
542 2672 607 2740 est
633 2678 678 2741 et
704 2676 797 2743 toto
822 2650 975 2742 habitu
1001 2650 1350 2756 determinatum,
1384 2674 1435 2735 ut
1467 2648 1585 2735 nulla
1617 2647 1732 2737 circa
1765 2648 1883 2738 illius

187 2798 349 2887 limites
375 2805 510 2921 possit
533 2806 626 2893 e'sse
654 2810 879 2896 dubitatio.
937 2810 1177 2894 Gracilitote
1204 2801 1414 2919 eorporis,
1432 2802 1653 2919 positura,
1688 2825 1742 2887 ‘et
1767 2830 1880 2921 prae

186 2951 334 3040 sertim
358 2966 502 3072 spinae
542 2961 722 3068 flexura,
765 2962 975 3050 brevitate
1016 2980 1199 3063 ατιιιιιηι,
1242 2956 1428 3043 maxime
1467 2954 1601 3041 etiam
1623 2956 1880 3047 intonabas

186 3098 402 3193 inferioris
428 3109 630 3197 maxillae
658 3114 897 3202 evidentius
939 3114 1102 3199 alterne
1141 3108 1423 3196 exterioribus
1449 3137 1595 3194 omnes
1622 3107 1883 3197 contemnet

182 3276 229 3342 et
255 3285 311 3343 ex
345 3254 498 3347 habitu
531 3263 738 3351 facillime
772 3286 1092 3382 cognoscuntur.
1162 3260 1497 3349 Verosimillime
1536 3258 1701 3377 species
1738 3258 1880 3351 adhuc

183 3410 422 3527 eomplutes
448 3411 573 3529 hujus
601 3418 814 3504 numerosi
841 3441 886 3504 et
913 3418 1053 3517 victu,
1079 3445 1164 3532 quo
1190 3414 1344 3519 utitur,
1372 3412 1422 3501 in
1449 3442 1660 3503 sumntum
1687 3410 1869 3503 animali·

182 3560 283 3646 tatis
310 3566 486 3675 gradum
511 3569 729 3683 ptmedini
753 3570 997 3688 proximum
1022 3567 1164 3657 evecti
1190 3565 1356 3683 generis
1380 3564 1427 3651 in
1462 3563 1707 3685 regionibus
1740 3565 1861 3669 ,hodi

182 3740 270 3797 non
298 3714 503 3803 adeundis
526 3717 685 3825 latent,
719 3744 769 3807 ut
793 3744 890 3809 sunt
915 3721 1117 3809 interiora
1143 3720 1274 3807 Asiae
1299 3741 1346 3805 et
1369 3716 1564 3822 Africae,
1580 3716 1851 3807 ¹ooeidetttttli

180 3863 399 3982 utriusque
440 3868 711 3957 Continentia
749 3873 1000 3979 Americae,
1041 3895 1088 3961 et
1125 3871 1337 3991 spatiosae
1371 3869 1534 3959 insulae
1575 3867 1841 3959 Australasia

180 4019 299 4103 Haec
339 4018 520 4109 seriores
560 4024 770 4141 Zoologos
810 4027 956 4114 messis
991 4049 1148 4113 manet.
1205 4026 1482 4112 Mustelamm
1508 3994 1701 4111 omnium
1727 4022 1830 4111 vell·

179 4164 314 4253 etiam
338 4194 642 4287 postmortem
670 4178 864 4267 animalia
891 4212 1018 4296 quam
1055 4178 1243 4266 maxime
1283 4199 1349 4263 est
1387 4173 1637 4265 electrictim
1675 4178 1723 4263 et
1759 4177 1823 4265 sie

179 4318 341 4437 digito,
380 4328 630 4442 praesertim
667 4331 821 4449 frigida
855 4360 1002 4423 serena
1028 4353 1280 4451 tempestate
1307 4327 1499 4433 frictum,
1541 4332 1628 4415 uo'n
1654 4326 1796 4415 solum

179 4472 466 4593 propinquum
493 4482 673 4597 quodvis
700 4517 850 4604 corpus
876 4484 977 4604 pilis
1004 4487 1201 4579 omnibus
1241 4477 1438 4600 assurgit,
1474 4482 1550 4569 sed
1588 4476 1722 4569 etiam
1759 4482 1803 4571 fo

178 4642 247 4709 tet
273 4649 319 4717 et
343 4658 443 4721 cum
467 4635 647 4759 strepitu
672 4636 893 4727 scintillat.
