<?xml version="1.0" encoding="UTF-8"?>
<!DOCTYPE html PUBLIC "-//W3C//DTD XHTML 1.0 Transitional//EN"
    "http://www.w3.org/TR/xhtml1/DTD/xhtml1-transitional.dtd">
<html xmlns="http://www.w3.org/1999/xhtml" xml:lang="en" lang="en">
 <head>
  <title>
</title>
<meta http-equiv="Content-Type" content="text/html;charset=utf-8" />
  <meta name='ocr-system' content='tesseract 3.04.00' />
  <meta name='ocr-capabilities' content='ocr_page ocr_carea ocr_par ocr_line ocrx_word'/>
</head>
<body>
  <div class='ocr_page' id='page_1' title='image "./zoographiarosso01pallgoog_0092.png"; bbox 0 0 4410 5910; ppageno 0'>
   <div class='ocr_carea' id='block_1_1' title="bbox 256 426 1182 528">
    <p class='ocr_par' dir='ltr' id='par_1_1' title="bbox 256 426 1182 528">
     <span class='ocr_line' id='line_1_1' title="bbox 256 426 1182 528; baseline 0 -17"><span class='ocrx_word' id='word_1_1' title='bbox 256 426 318 528; x_wconf 79' lang='lat'>60</span> <span class='ocrx_word' id='word_1_2' title='bbox 1029 444 1182 497; x_wconf 51' lang='lat' dir='ltr'><strong>a</strong></span> 
     </span>
    </p>
   </div>
   <div class='ocr_carea' id='block_1_2' title="bbox 250 638 1953 3184">
    <p class='ocr_par' dir='ltr' id='par_1_2' title="bbox 250 638 1953 3184">
     <span class='ocr_line' id='line_1_2' title="bbox 258 638 1952 766; baseline -0.004 -27"><span class='ocrx_word' id='word_1_3' title='bbox 258 652 442 740; x_wconf 88' lang='lat' dir='ltr'>sentiunt</span> <span class='ocrx_word' id='word_1_4' title='bbox 468 649 599 738; x_wconf 85' lang='lat' dir='ltr'>stiam</span> <span class='ocrx_word' id='word_1_5' title='bbox 632 670 905 766; x_wconf 86' lang='lat' dir='ltr'>tempestates</span> <span class='ocrx_word' id='word_1_6' title='bbox 940 644 1207 763; x_wconf 82' lang='lat' dir='ltr'>ingruentes,</span> <span class='ocrx_word' id='word_1_7' title='bbox 1244 664 1293 729; x_wconf 83' lang='lat' dir='ltr'>et</span> <span class='ocrx_word' id='word_1_8' title='bbox 1317 638 1494 729; x_wconf 85' lang='lat' dir='ltr'>indubie</span> <span class='ocrx_word' id='word_1_9' title='bbox 1521 638 1736 751; x_wconf 86' lang='lat' dir='ltr'>indicant,</span> <span class='ocrx_word' id='word_1_10' title='bbox 1778 646 1952 761; x_wconf 79' lang='lat' dir='ltr'>qtiando</span> 
     </span>
     <span class='ocr_line' id='line_1_3' title="bbox 256 793 1952 922; baseline -0.003 -32"><span class='ocrx_word' id='word_1_11' title='bbox 256 806 520 922; x_wconf 77' lang='lat' dir='ltr'>quiescentes</span> <span class='ocrx_word' id='word_1_12' title='bbox 548 802 633 889; x_wconf 93' lang='lat' dir='ltr'>sibi</span> <span class='ocrx_word' id='word_1_13' title='bbox 659 806 851 889; x_wconf 77' lang='lat' dir='ltr'>scrobem</span> <span class='ocrx_word' id='word_1_14' title='bbox 876 800 925 886; x_wconf 92' lang='lat' dir='ltr'>in</span> <span class='ocrx_word' id='word_1_15' title='bbox 951 800 1051 885; x_wconf 90' lang='lat' dir='ltr'>nive</span> <span class='ocrx_word' id='word_1_16' title='bbox 1079 796 1303 884; x_wconf 83' lang='lat' dir='ltr'>effodiunt.</span> <span class='ocrx_word' id='word_1_17' title='bbox 1373 797 1516 883; x_wconf 88' lang='lat' dir='ltr'>Etiam</span> <span class='ocrx_word' id='word_1_18' title='bbox 1541 794 1588 881; x_wconf 92' lang='lat' dir='ltr'>in</span> <span class='ocrx_word' id='word_1_19' title='bbox 1615 793 1747 912; x_wconf 79' lang='lat' dir='ltr'>sylvis</span> <span class='ocrx_word' id='word_1_20' title='bbox 1773 820 1952 885; x_wconf 79' lang='lat' dir='ltr'>ttamtaa</span> 
     </span>
     <span class='ocr_line' id='line_1_4' title="bbox 254 949 1953 1073; baseline -0.001 -32"><span class='ocrx_word' id='word_1_21' title='bbox 254 956 431 1073; x_wconf 82' lang='lat' dir='ltr'>sparsim</span> <span class='ocrx_word' id='word_1_22' title='bbox 457 987 536 1073; x_wconf 90' lang='lat' dir='ltr'>pro</span> <span class='ocrx_word' id='word_1_23' title='bbox 563 956 664 1044; x_wconf 80' lang='lat' dir='ltr'>feria</span> <span class='ocrx_word' id='word_1_24' title='bbox 691 954 906 1072; x_wconf 79' lang='lat' dir='ltr'>decipulas</span> <span class='ocrx_word' id='word_1_25' title='bbox 933 982 1059 1039; x_wconf 90' lang='lat' dir='ltr'>canes</span> <span class='ocrx_word' id='word_1_26' title='bbox 1086 950 1239 1036; x_wconf 89' lang='lat' dir='ltr'>melius</span> <span class='ocrx_word' id='word_1_27' title='bbox 1266 949 1359 1066; x_wconf 87' lang='lat' dir='ltr'>ipso</span> <span class='ocrx_word' id='word_1_28' title='bbox 1385 971 1586 1036; x_wconf 84' lang='lat' dir='ltr'>venatore</span> <span class='ocrx_word' id='word_1_29' title='bbox 1612 971 1789 1055; x_wconf 87' lang='lat' dir='ltr'>norunt,</span> <span class='ocrx_word' id='word_1_30' title='bbox 1818 972 1865 1037; x_wconf 85' lang='lat' dir='ltr'>et</span> <span class='ocrx_word' id='word_1_31' title='bbox 1878 949 1953 1041; x_wconf 81' lang='lat' dir='ltr'>ha·</span> 
     </span>
     <span class='ocr_line' id='line_1_5' title="bbox 252 1100 1951 1195; baseline -0.002 -1"><span class='ocrx_word' id='word_1_32' title='bbox 252 1139 345 1195; x_wconf 85' lang='lat' dir='ltr'>rom</span> <span class='ocrx_word' id='word_1_33' title='bbox 373 1125 426 1194; x_wconf 87' lang='lat' dir='ltr'>ab</span> <span class='ocrx_word' id='word_1_34' title='bbox 453 1140 538 1194; x_wconf 87' lang='lat' dir='ltr'>una</span> <span class='ocrx_word' id='word_1_35' title='bbox 565 1110 619 1194; x_wconf 90' lang='lat' dir='ltr'>ad</span> <span class='ocrx_word' id='word_1_36' title='bbox 647 1108 775 1194; x_wconf 85' lang='lat' dir='ltr'>aliam</span> <span class='ocrx_word' id='word_1_37' title='bbox 822 1129 938 1193; x_wconf 88' lang='lat' dir='ltr'>certo</span> <span class='ocrx_word' id='word_1_38' title='bbox 975 1103 1181 1189; x_wconf 81' lang='lat' dir='ltr'>instinctu</span> <span class='ocrx_word' id='word_1_39' title='bbox 1222 1105 1394 1189; x_wconf 89' lang='lat' dir='ltr'>ducunt.</span> <span class='ocrx_word' id='word_1_40' title='bbox 1463 1100 1762 1189; x_wconf 72' lang='lat' dir='ltr'>cantianam</span> <span class='ocrx_word' id='word_1_41' title='bbox 1786 1104 1951 1191; x_wconf 81' lang='lat' dir='ltr'>marim</span> 
     </span>
     <span class='ocr_line' id='line_1_6' title="bbox 252 1253 1950 1377; baseline -0.001 -32"><span class='ocrx_word' id='word_1_42' title='bbox 252 1259 406 1346; x_wconf 87' lang='lat' dir='ltr'>itinera</span> <span class='ocrx_word' id='word_1_43' title='bbox 433 1260 732 1377; x_wconf 83' lang='lat' dir='ltr'>suscipientes,</span> <span class='ocrx_word' id='word_1_44' title='bbox 762 1287 887 1344; x_wconf 87' lang='lat' dir='ltr'>canes</span> <span class='ocrx_word' id='word_1_45' title='bbox 915 1286 1059 1342; x_wconf 87' lang='lat' dir='ltr'>secum</span> <span class='ocrx_word' id='word_1_46' title='bbox 1087 1253 1275 1356; x_wconf 85' lang='lat' dir='ltr'>vehunt,</span> <span class='ocrx_word' id='word_1_47' title='bbox 1303 1254 1403 1372; x_wconf 91' lang='lat' dir='ltr'>quia</span> <span class='ocrx_word' id='word_1_48' title='bbox 1430 1284 1533 1340; x_wconf 87' lang='lat' dir='ltr'>naso</span> <span class='ocrx_word' id='word_1_49' title='bbox 1562 1284 1705 1340; x_wconf 86' lang='lat' dir='ltr'>auram</span> <span class='ocrx_word' id='word_1_50' title='bbox 1731 1278 1950 1373; x_wconf 77' lang='lat' dir='ltr'>captantes</span> 
     </span>
     <span class='ocr_line' id='line_1_7' title="bbox 253 1402 1950 1524; baseline 0.002 -31"><span class='ocrx_word' id='word_1_51' title='bbox 253 1431 417 1493; x_wconf 87' lang='lat' dir='ltr'>certum</span> <span class='ocrx_word' id='word_1_52' title='bbox 444 1410 612 1498; x_wconf 82' lang='lat' dir='ltr'>vicinae</span> <span class='ocrx_word' id='word_1_53' title='bbox 640 1433 775 1496; x_wconf 87' lang='lat' dir='ltr'>terrae</span> <span class='ocrx_word' id='word_1_54' title='bbox 803 1408 1013 1494; x_wconf 88' lang='lat' dir='ltr'>indicium</span> <span class='ocrx_word' id='word_1_55' title='bbox 1039 1410 1256 1524; x_wconf 86' lang='lat' dir='ltr'>praebent.</span> <span class='ocrx_word' id='word_1_56' title='bbox 1312 1413 1475 1494; x_wconf 85' lang='lat' dir='ltr'>Notatu</span> <span class='ocrx_word' id='word_1_57' title='bbox 1495 1402 1792 1521; x_wconf 77' lang='lat' dir='ltr'>dignissimum</span> <span class='ocrx_word' id='word_1_58' title='bbox 1808 1428 1950 1497; x_wconf 85' lang='lat' dir='ltr'>autem</span> 
     </span>
     <span class='ocr_line' id='line_1_8' title="bbox 253 1558 1949 1678; baseline 0.004 -36"><span class='ocrx_word' id='word_1_59' title='bbox 253 1584 317 1644; x_wconf 88' lang='lat' dir='ltr'>est</span> <span class='ocrx_word' id='word_1_60' title='bbox 343 1560 389 1645; x_wconf 90' lang='lat' dir='ltr'>in</span> <span class='ocrx_word' id='word_1_61' title='bbox 419 1562 573 1650; x_wconf 88' lang='lat' dir='ltr'>Sibiria</span> <span class='ocrx_word' id='word_1_62' title='bbox 610 1585 655 1649; x_wconf 92' lang='lat' dir='ltr'>et</span> <span class='ocrx_word' id='word_1_63' title='bbox 683 1560 978 1651; x_wconf 86' lang='lat' dir='ltr'>Camtschatca</span> <span class='ocrx_word' id='word_1_64' title='bbox 1012 1558 1357 1678; x_wconf 87' lang='lat' dir='ltr'>hydrophobiam</span> <span class='ocrx_word' id='word_1_65' title='bbox 1392 1591 1607 1676; x_wconf 90' lang='lat' dir='ltr'>nunquam</span> <span class='ocrx_word' id='word_1_66' title='bbox 1645 1558 1850 1647; x_wconf 79' lang='lat' dir='ltr'>invadere</span> <span class='ocrx_word' id='word_1_67' title='bbox 1885 1592 1949 1648; x_wconf 85' lang='lat' dir='ltr'>ca·</span> 
     </span>
     <span class='ocr_line' id='line_1_9' title="bbox 252 1710 1948 1829; baseline 0.002 -34"><span class='ocrx_word' id='word_1_68' title='bbox 252 1740 345 1816; x_wconf 91' lang='lat' dir='ltr'>nes,</span> <span class='ocrx_word' id='word_1_69' title='bbox 375 1744 553 1829; x_wconf 91' lang='lat' dir='ltr'>quorum</span> <span class='ocrx_word' id='word_1_70' title='bbox 581 1712 646 1799; x_wconf 91' lang='lat' dir='ltr'>ibi</span> <span class='ocrx_word' id='word_1_71' title='bbox 674 1712 812 1799; x_wconf 87' lang='lat' dir='ltr'>morbi</span> <span class='ocrx_word' id='word_1_72' title='bbox 838 1738 985 1800; x_wconf 89' lang='lat' dir='ltr'>contra</span> <span class='ocrx_word' id='word_1_73' title='bbox 1013 1712 1109 1815; x_wconf 90' lang='lat' dir='ltr'>alii,</span> <span class='ocrx_word' id='word_1_74' title='bbox 1148 1747 1188 1798; x_wconf 83' lang='lat' dir='ltr'>v.</span> <span class='ocrx_word' id='word_1_75' title='bbox 1218 1742 1279 1828; x_wconf 81' lang='lat' dir='ltr'>gr.</span> <span class='ocrx_word' id='word_1_76' title='bbox 1311 1710 1567 1828; x_wconf 83' lang='lat' dir='ltr'>alopeciam,</span> <span class='ocrx_word' id='word_1_77' title='bbox 1599 1710 1777 1799; x_wconf 88' lang='lat' dir='ltr'>mictum</span> <span class='ocrx_word' id='word_1_78' title='bbox 1804 1742 1948 1799; x_wconf 82' lang='lat' dir='ltr'>cruen-</span> 
     </span>
     <span class='ocr_line' id='line_1_10' title="bbox 252 1863 1948 1982; baseline 0.001 -34"><span class='ocrx_word' id='word_1_79' title='bbox 252 1884 341 1948; x_wconf 89' lang='lat' dir='ltr'>tum</span> <span class='ocrx_word' id='word_1_80' title='bbox 368 1895 465 1951; x_wconf 89' lang='lat' dir='ltr'>cum</span> <span class='ocrx_word' id='word_1_81' title='bbox 494 1890 660 1953; x_wconf 89' lang='lat' dir='ltr'>tumore</span> <span class='ocrx_word' id='word_1_82' title='bbox 689 1864 886 1980; x_wconf 85' lang='lat' dir='ltr'>genitalis</span> <span class='ocrx_word' id='word_1_83' title='bbox 915 1874 1062 1982; x_wconf 90' lang='lat' dir='ltr'>(quem</span> <span class='ocrx_word' id='word_1_84' title='bbox 1090 1866 1269 1951; x_wconf 88' lang='lat' dir='ltr'>decocto</span> <span class='ocrx_word' id='word_1_85' title='bbox 1297 1863 1468 1950; x_wconf 84' lang='lat' dir='ltr'>corticis</span> <span class='ocrx_word' id='word_1_86' title='bbox 1492 1863 1617 1951; x_wconf 86' lang='lat' dir='ltr'>Sorbi</span> <span class='ocrx_word' id='word_1_87' title='bbox 1644 1866 1741 1953; x_wconf 89' lang='lat' dir='ltr'>loco</span> <span class='ocrx_word' id='word_1_88' title='bbox 1768 1864 1948 1953; x_wconf 82' lang='lat' dir='ltr'>lomenti</span> 
     </span>
     <span class='ocr_line' id='line_1_11' title="bbox 250 2013 1947 2135; baseline 0.002 -36"><span class='ocrx_word' id='word_1_89' title='bbox 250 2024 436 2129; x_wconf 88' lang='lat' dir='ltr'>curant),</span> <span class='ocrx_word' id='word_1_90' title='bbox 466 2018 741 2120; x_wconf 85' lang='lat' dir='ltr'>coecitatem,</span> <span class='ocrx_word' id='word_1_91' title='bbox 772 2018 951 2135; x_wconf 82' lang='lat' dir='ltr'>plicam,</span> <span class='ocrx_word' id='word_1_92' title='bbox 996 2040 1041 2102; x_wconf 85' lang='lat' dir='ltr'>et</span> <span class='ocrx_word' id='word_1_93' title='bbox 1066 2020 1241 2102; x_wconf 86' lang='lat' dir='ltr'>tandem</span> <span class='ocrx_word' id='word_1_94' title='bbox 1270 2024 1325 2127; x_wconf 92' lang='lat' dir='ltr'>(a</span> <span class='ocrx_word' id='word_1_95' title='bbox 1351 2013 1587 2129; x_wconf 87' lang='lat' dir='ltr'>trahendo)</span> <span class='ocrx_word' id='word_1_96' title='bbox 1615 2018 1858 2135; x_wconf 87' lang='lat' dir='ltr'>prolapsum</span> <span class='ocrx_word' id='word_1_97' title='bbox 1886 2016 1947 2103; x_wconf 89' lang='lat' dir='ltr'>in·</span> 
     </span>
     <span class='ocr_line' id='line_1_12' title="bbox 250 2166 1947 2286; baseline 0.003 -36"><span class='ocrx_word' id='word_1_98' title='bbox 250 2166 399 2253; x_wconf 82' lang='lat' dir='ltr'>teatini</span> <span class='ocrx_word' id='word_1_99' title='bbox 427 2169 554 2273; x_wconf 87' lang='lat' dir='ltr'>recti,</span> <span class='ocrx_word' id='word_1_100' title='bbox 585 2201 671 2256; x_wconf 91' lang='lat' dir='ltr'>non</span> <span class='ocrx_word' id='word_1_101' title='bbox 700 2201 837 2254; x_wconf 90' lang='lat' dir='ltr'>rarum</span> <span class='ocrx_word' id='word_1_102' title='bbox 865 2193 929 2255; x_wconf 90' lang='lat' dir='ltr'>est</span> <span class='ocrx_word' id='word_1_103' title='bbox 956 2173 1193 2255; x_wconf 88' lang='lat' dir='ltr'>observare.</span> <span class='ocrx_word' id='word_1_104' title='bbox 1250 2175 1317 2254; x_wconf 88' lang='lat' dir='ltr'>De</span> <span class='ocrx_word' id='word_1_105' title='bbox 1343 2169 1518 2255; x_wconf 87' lang='lat' dir='ltr'>canibus</span> <span class='ocrx_word' id='word_1_106' title='bbox 1546 2200 1622 2286; x_wconf 91' lang='lat' dir='ltr'>per</span> <span class='ocrx_word' id='word_1_107' title='bbox 1656 2187 1708 2274; x_wconf 77' lang='grc' dir='ltr'>4ο</span> <span class='ocrx_word' id='word_1_108' title='bbox 1739 2169 1833 2256; x_wconf 90' lang='lat' dir='ltr'>dies</span> <span class='ocrx_word' id='word_1_109' title='bbox 1858 2167 1947 2255; x_wconf 85' lang='lat' dir='ltr'>ine·</span> 
     </span>
     <span class='ocr_line' id='line_1_13' title="bbox 252 2318 1947 2438; baseline -0.002 -30"><span class='ocrx_word' id='word_1_110' title='bbox 252 2321 368 2409; x_wconf 88' lang='lat' dir='ltr'>diam</span> <span class='ocrx_word' id='word_1_111' title='bbox 383 2320 514 2437; x_wconf 90' lang='lat' dir='ltr'>passis</span> <span class='ocrx_word' id='word_1_112' title='bbox 541 2325 651 2409; x_wconf 82' lang='lat' dir='ltr'>Hist.</span> <span class='ocrx_word' id='word_1_113' title='bbox 680 2323 732 2407; x_wconf 84' lang='lat' dir='ltr'>de</span> <span class='ocrx_word' id='word_1_114' title='bbox 756 2324 922 2407; x_wconf 81' lang='lat' dir='ltr'>I&#39;Acod.</span> <span class='ocrx_word' id='word_1_115' title='bbox 950 2324 1001 2406; x_wconf 85' lang='lat' dir='ltr'>de</span> <span class='ocrx_word' id='word_1_116' title='bbox 1026 2324 1146 2406; x_wconf 83' lang='lat' dir='ltr'>Poris</span> <span class='ocrx_word' id='word_1_117' title='bbox 1174 2352 1239 2406; x_wconf 88' lang='lat' dir='ltr'>an.</span> <span class='ocrx_word' id='word_1_118' title='bbox 1276 2335 1392 2434; x_wconf 88' lang='lat'><strong>1706.</strong></span> <span class='ocrx_word' id='word_1_119' title='bbox 1449 2328 1541 2438; x_wconf 81' lang='lat' dir='ltr'>Ego</span> <span class='ocrx_word' id='word_1_120' title='bbox 1557 2327 1789 2437; x_wconf 83' lang='lat' dir='ltr'>Vertagum</span> <span class='ocrx_word' id='word_1_121' title='bbox 1816 2318 1947 2407; x_wconf 91' lang='lat' dir='ltr'>habui</span> 
     </span>
     <span class='ocr_line' id='line_1_14' title="bbox 251 2471 1947 2591; baseline -0.001 -32"><span class='ocrx_word' id='word_1_122' title='bbox 251 2503 306 2559; x_wconf 83' lang='lat' dir='ltr'>ex</span> <span class='ocrx_word' id='word_1_123' title='bbox 335 2471 566 2558; x_wconf 86' lang='lat' dir='ltr'>aviculario</span> <span class='ocrx_word' id='word_1_124' title='bbox 594 2472 845 2587; x_wconf 84' lang='lat' dir='ltr'>hybridam,</span> <span class='ocrx_word' id='word_1_125' title='bbox 877 2473 951 2589; x_wconf 91' lang='lat' dir='ltr'>qui</span> <span class='ocrx_word' id='word_1_126' title='bbox 979 2503 1131 2559; x_wconf 89' lang='lat' dir='ltr'>coecus</span> <span class='ocrx_word' id='word_1_127' title='bbox 1159 2477 1291 2559; x_wconf 87' lang='lat' dir='ltr'>factus</span> <span class='ocrx_word' id='word_1_128' title='bbox 1319 2472 1476 2560; x_wconf 83' lang='lat' dir='ltr'>incidit</span> <span class='ocrx_word' id='word_1_129' title='bbox 1502 2474 1549 2559; x_wconf 94' lang='lat' dir='ltr'>in</span> <span class='ocrx_word' id='word_1_130' title='bbox 1577 2497 1753 2591; x_wconf 89' lang='lat' dir='ltr'>puteum</span> <span class='ocrx_word' id='word_1_131' title='bbox 1787 2472 1947 2558; x_wconf 88' lang='lat' dir='ltr'>siccum</span> 
     </span>
     <span class='ocr_line' id='line_1_15' title="bbox 252 2622 1945 2741; baseline 0.001 -33"><span class='ocrx_word' id='word_1_132' title='bbox 252 2622 407 2739; x_wconf 90' lang='lat' dir='ltr'>hyeme</span> <span class='ocrx_word' id='word_1_133' title='bbox 435 2645 602 2739; x_wconf 88' lang='lat' dir='ltr'>etpost</span> <span class='ocrx_word' id='word_1_134' title='bbox 634 2628 737 2710; x_wconf 91' lang='lat' dir='ltr'>duos</span> <span class='ocrx_word' id='word_1_135' title='bbox 774 2628 946 2710; x_wconf 88' lang='lat' dir='ltr'>demum</span> <span class='ocrx_word' id='word_1_136' title='bbox 974 2654 1137 2710; x_wconf 87' lang='lat' dir='ltr'>menses</span> <span class='ocrx_word' id='word_1_137' title='bbox 1166 2649 1377 2712; x_wconf 83' lang='lat' dir='ltr'>extractus</span> <span class='ocrx_word' id='word_1_138' title='bbox 1405 2624 1505 2728; x_wconf 82' lang='lat' dir='ltr'>tuit,</span> <span class='ocrx_word' id='word_1_139' title='bbox 1547 2625 1675 2741; x_wconf 87' lang='lat' dir='ltr'>plane</span> <span class='ocrx_word' id='word_1_140' title='bbox 1704 2623 1945 2711; x_wconf 83' lang='lat' dir='ltr'>emaciatus.</span> 
     </span>
     <span class='ocr_line' id='line_1_16' title="bbox 253 2775 1945 2895; baseline -0.001 -33"><span class='ocrx_word' id='word_1_141' title='bbox 253 2776 478 2862; x_wconf 85' lang='lat' dir='ltr'>Caeterum</span> <span class='ocrx_word' id='word_1_142' title='bbox 518 2806 642 2862; x_wconf 89' lang='lat' dir='ltr'>canes</span> <span class='ocrx_word' id='word_1_143' title='bbox 669 2779 932 2882; x_wconf 90' lang='lat' dir='ltr'>Nomadum,</span> <span class='ocrx_word' id='word_1_144' title='bbox 969 2776 1074 2862; x_wconf 88' lang='lat' dir='ltr'>licet</span> <span class='ocrx_word' id='word_1_145' title='bbox 1100 2807 1225 2895; x_wconf 88' lang='lat' dir='ltr'>saepe</span> <span class='ocrx_word' id='word_1_146' title='bbox 1255 2779 1307 2862; x_wconf 92' lang='lat' dir='ltr'>ab</span> <span class='ocrx_word' id='word_1_147' title='bbox 1335 2775 1451 2863; x_wconf 87' lang='lat' dir='ltr'>heris</span> <span class='ocrx_word' id='word_1_148' title='bbox 1479 2775 1675 2863; x_wconf 84' lang='lat' dir='ltr'>derelicti</span> <span class='ocrx_word' id='word_1_149' title='bbox 1703 2775 1751 2863; x_wconf 90' lang='lat' dir='ltr'>in</span> <span class='ocrx_word' id='word_1_150' title='bbox 1779 2777 1945 2863; x_wconf 83' lang='lat' dir='ltr'>deserto</span> 
     </span>
     <span class='ocr_line' id='line_1_17' title="bbox 252 2927 1945 3046; baseline 0.001 -35"><span class='ocrx_word' id='word_1_151' title='bbox 252 2948 438 3012; x_wconf 86' lang='lat' dir='ltr'>errantes</span> <span class='ocrx_word' id='word_1_152' title='bbox 478 2929 813 3046; x_wconf 88' lang='lat' dir='ltr'>conspiciantur,</span> <span class='ocrx_word' id='word_1_153' title='bbox 860 2961 1074 3044; x_wconf 89' lang='lat' dir='ltr'>nunquam</span> <span class='ocrx_word' id='word_1_154' title='bbox 1113 2950 1255 3014; x_wconf 90' lang='lat' dir='ltr'>tamen</span> <span class='ocrx_word' id='word_1_155' title='bbox 1285 2928 1365 3014; x_wconf 86' lang='lat' dir='ltr'>feri</span> <span class='ocrx_word' id='word_1_156' title='bbox 1393 2929 1573 3015; x_wconf 88' lang='lat' dir='ltr'>evasisse</span> <span class='ocrx_word' id='word_1_157' title='bbox 1602 2927 1830 3032; x_wconf 85' lang='lat' dir='ltr'>visisunt,</span> <span class='ocrx_word' id='word_1_158' title='bbox 1870 2928 1945 3013; x_wconf 85' lang='lat' dir='ltr'>sed</span> 
     </span>
     <span class='ocr_line' id='line_1_18' title="bbox 252 3079 1943 3184; baseline 0.001 -21"><span class='ocrx_word' id='word_1_159' title='bbox 252 3080 306 3163; x_wconf 87' lang='lat' dir='ltr'>ad</span> <span class='ocrx_word' id='word_1_160' title='bbox 332 3080 503 3184; x_wconf 86' lang='lat' dir='ltr'>eadem,</span> <span class='ocrx_word' id='word_1_161' title='bbox 532 3082 604 3166; x_wconf 86' lang='lat' dir='ltr'>vel</span> <span class='ocrx_word' id='word_1_162' title='bbox 631 3080 714 3165; x_wconf 90' lang='lat' dir='ltr'>alia</span> <span class='ocrx_word' id='word_1_163' title='bbox 743 3104 877 3165; x_wconf 88' lang='lat' dir='ltr'>castra</span> <span class='ocrx_word' id='word_1_164' title='bbox 889 3085 1079 3167; x_wconf 90' lang='lat' dir='ltr'>redeunt.</span> <span class='ocrx_word' id='word_1_165' title='bbox 1137 3087 1391 3166; x_wconf 87' lang='lat' dir='ltr'>Asseverant</span> <span class='ocrx_word' id='word_1_166' title='bbox 1414 3104 1556 3167; x_wconf 86' lang='lat' dir='ltr'>autem</span> <span class='ocrx_word' id='word_1_167' title='bbox 1570 3079 1809 3183; x_wconf 86' lang='lat' dir='ltr'>Calmucci,</span> <span class='ocrx_word' id='word_1_168' title='bbox 1839 3102 1943 3165; x_wconf 88' lang='lat' dir='ltr'>tem·</span> 
     </span>
    </p>
   </div>
   <div class='ocr_carea' id='block_1_3' title="bbox 250 3229 1944 3349">
    <p class='ocr_par' dir='ltr' id='par_1_3' title="bbox 250 3229 1944 3349">
     <span class='ocr_line' id='line_1_19' title="bbox 250 3229 1944 3349; baseline -0.001 -32"><span class='ocrx_word' id='word_1_169' title='bbox 250 3260 353 3346; x_wconf 86' lang='lat' dir='ltr'>pore</span> <span class='ocrx_word' id='word_1_170' title='bbox 380 3230 622 3317; x_wconf 88' lang='lat' dir='ltr'>oestrinon</span> <span class='ocrx_word' id='word_1_171' title='bbox 650 3262 905 3317; x_wconf 82' lang='lat' dir='ltr'>rammasse</span> <span class='ocrx_word' id='word_1_172' title='bbox 935 3263 1058 3318; x_wconf 90' lang='lat' dir='ltr'>canes</span> <span class='ocrx_word' id='word_1_173' title='bbox 1086 3233 1291 3320; x_wconf 85' lang='lat' dir='ltr'>foeminas</span> <span class='ocrx_word' id='word_1_174' title='bbox 1319 3256 1470 3349; x_wconf 89' lang='lat' dir='ltr'>sponte</span> <span class='ocrx_word' id='word_1_175' title='bbox 1511 3262 1583 3317; x_wconf 85' lang='lat' dir='ltr'>sua</span> <span class='ocrx_word' id='word_1_176' title='bbox 1624 3230 1672 3317; x_wconf 85' lang='lat' dir='ltr'>in</span> <span class='ocrx_word' id='word_1_177' title='bbox 1712 3229 1944 3317; x_wconf 72' lang='lat' dir='ltr'>desertina</span> 
     </span>
    </p>
   </div>
   <div class='ocr_carea' id='block_1_4' title="bbox 249 3379 1944 5017">
    <p class='ocr_par' dir='ltr' id='par_1_4' title="bbox 249 3379 1944 5017">
     <span class='ocr_line' id='line_1_20' title="bbox 251 3379 1944 3501; baseline -0.001 -35"><span class='ocrx_word' id='word_1_178' title='bbox 251 3379 361 3499; x_wconf 91' lang='lat' dir='ltr'>lupis</span> <span class='ocrx_word' id='word_1_179' title='bbox 400 3382 506 3471; x_wconf 88' lang='lat' dir='ltr'>iniri</span> <span class='ocrx_word' id='word_1_180' title='bbox 548 3405 595 3469; x_wconf 88' lang='lat' dir='ltr'>et</span> <span class='ocrx_word' id='word_1_181' title='bbox 634 3384 795 3469; x_wconf 84' lang='lat' dir='ltr'>catulos</span> <span class='ocrx_word' id='word_1_182' title='bbox 823 3388 974 3471; x_wconf 88' lang='lat' dir='ltr'>robore</span> <span class='ocrx_word' id='word_1_183' title='bbox 1004 3409 1047 3471; x_wconf 88' lang='lat' dir='ltr'>et</span> <span class='ocrx_word' id='word_1_184' title='bbox 1076 3383 1234 3472; x_wconf 84' lang='lat' dir='ltr'>ferocia</span> <span class='ocrx_word' id='word_1_185' title='bbox 1263 3384 1453 3501; x_wconf 89' lang='lat' dir='ltr'>patribus</span> <span class='ocrx_word' id='word_1_186' title='bbox 1481 3384 1642 3470; x_wconf 87' lang='lat' dir='ltr'>similes</span> <span class='ocrx_word' id='word_1_187' title='bbox 1670 3385 1811 3469; x_wconf 89' lang='lat' dir='ltr'>edere.</span> <span class='ocrx_word' id='word_1_188' title='bbox 1870 3387 1944 3467; x_wconf 87' lang='lat' dir='ltr'>Fe·</span> 
     </span>
     <span class='ocr_line' id='line_1_21' title="bbox 250 3531 1942 3654; baseline -0.001 -35"><span class='ocrx_word' id='word_1_189' title='bbox 250 3557 347 3619; x_wconf 86' lang='lat' dir='ltr'>runt</span> <span class='ocrx_word' id='word_1_190' title='bbox 386 3535 518 3620; x_wconf 86' lang='lat' dir='ltr'>etiam</span> <span class='ocrx_word' id='word_1_191' title='bbox 558 3535 701 3651; x_wconf 86' lang='lat' dir='ltr'>lupos,</span> <span class='ocrx_word' id='word_1_192' title='bbox 743 3535 819 3651; x_wconf 89' lang='lat' dir='ltr'>qui</span> <span class='ocrx_word' id='word_1_193' title='bbox 863 3567 962 3622; x_wconf 88' lang='lat' dir='ltr'>curn</span> <span class='ocrx_word' id='word_1_194' title='bbox 997 3537 1133 3651; x_wconf 85' lang='lat' dir='ltr'>glacie</span> <span class='ocrx_word' id='word_1_195' title='bbox 1175 3535 1306 3622; x_wconf 89' lang='lat' dir='ltr'>rarius</span> <span class='ocrx_word' id='word_1_196' title='bbox 1333 3537 1381 3622; x_wconf 87' lang='lat' dir='ltr'>in</span> <span class='ocrx_word' id='word_1_197' title='bbox 1407 3536 1566 3654; x_wconf 90' lang='lat' dir='ltr'>primas</span> <span class='ocrx_word' id='word_1_198' title='bbox 1592 3535 1750 3622; x_wconf 87' lang='lat' dir='ltr'>insulas</span> <span class='ocrx_word' id='word_1_199' title='bbox 1777 3531 1942 3621; x_wconf 76' lang='lat' dir='ltr'>Ctn&#39;ilat</span> 
     </span>
     <span class='ocr_line' id='line_1_22' title="bbox 251 3685 1943 3804; baseline 0 -35"><span class='ocrx_word' id='word_1_200' title='bbox 251 3686 490 3799; x_wconf 79' lang='lat' dir='ltr'>appellunt,</span> <span class='ocrx_word' id='word_1_201' title='bbox 532 3685 772 3800; x_wconf 88' lang='lat' dir='ltr'>promiscuo</span> <span class='ocrx_word' id='word_1_202' title='bbox 800 3718 898 3774; x_wconf 88' lang='lat' dir='ltr'>cum</span> <span class='ocrx_word' id='word_1_203' title='bbox 925 3688 1098 3776; x_wconf 92' lang='lat' dir='ltr'>canibus</span> <span class='ocrx_word' id='word_1_204' title='bbox 1126 3719 1349 3804; x_wconf 84' lang='lat' dir='ltr'>congressu</span> <span class='ocrx_word' id='word_1_205' title='bbox 1376 3687 1440 3775; x_wconf 91' lang='lat' dir='ltr'>ibi</span> <span class='ocrx_word' id='word_1_206' title='bbox 1468 3716 1668 3804; x_wconf 79' lang='lat' dir='ltr'>generare</span> <span class='ocrx_word' id='word_1_207' title='bbox 1697 3685 1943 3801; x_wconf 83' lang='lat' dir='ltr'>hybridam,</span> 
     </span>
     <span class='ocr_line' id='line_1_23' title="bbox 252 3834 1944 3956; baseline 0.004 -39"><span class='ocrx_word' id='word_1_208' title='bbox 252 3837 368 3948; x_wconf 88' lang='lat' dir='ltr'>quod</span> <span class='ocrx_word' id='word_1_209' title='bbox 407 3834 619 3921; x_wconf 89' lang='lat' dir='ltr'>coloribus</span> <span class='ocrx_word' id='word_1_210' title='bbox 659 3868 813 3923; x_wconf 88' lang='lat' dir='ltr'>canum</span> <span class='ocrx_word' id='word_1_211' title='bbox 860 3839 1008 3925; x_wconf 81' lang='lat' dir='ltr'>variat.</span> <span class='ocrx_word' id='word_1_212' title='bbox 1079 3839 1366 3955; x_wconf 87' lang='lat' dir='ltr'>Hybridorum</span> <span class='ocrx_word' id='word_1_213' title='bbox 1404 3840 1624 3956; x_wconf 81' lang='lat' dir='ltr'>exempla,</span> <span class='ocrx_word' id='word_1_214' title='bbox 1684 3841 1737 3925; x_wconf 93' lang='lat' dir='ltr'>ab</span> <span class='ocrx_word' id='word_1_215' title='bbox 1780 3838 1944 3923; x_wconf 82' lang='lat' dir='ltr'>inclusa</span> 
     </span>
     <span class='ocr_line' id='line_1_24' title="bbox 252 3987 1943 4103; baseline 0.003 -33"><span class='ocrx_word' id='word_1_216' title='bbox 252 4010 350 4070; x_wconf 84' lang='lat' dir='ltr'>cum</span> <span class='ocrx_word' id='word_1_217' title='bbox 391 3987 494 4103; x_wconf 89' lang='lat' dir='ltr'>lupo</span> <span class='ocrx_word' id='word_1_218' title='bbox 530 4017 635 4073; x_wconf 89' lang='lat' dir='ltr'>cane</span> <span class='ocrx_word' id='word_1_219' title='bbox 670 4011 863 4075; x_wconf 88' lang='lat' dir='ltr'>natorum</span> <span class='ocrx_word' id='word_1_220' title='bbox 889 3990 938 4076; x_wconf 91' lang='lat' dir='ltr'>in</span> <span class='ocrx_word' id='word_1_221' title='bbox 965 3990 1113 4077; x_wconf 86' lang='lat' dir='ltr'>Rossia</span> <span class='ocrx_word' id='word_1_222' title='bbox 1141 4022 1227 4078; x_wconf 89' lang='lat' dir='ltr'>non</span> <span class='ocrx_word' id='word_1_223' title='bbox 1255 4022 1346 4077; x_wconf 88' lang='lat' dir='ltr'>rara</span> <span class='ocrx_word' id='word_1_224' title='bbox 1371 3991 1625 4095; x_wconf 82' lang='lat' dir='ltr'>extiterunt,</span> <span class='ocrx_word' id='word_1_225' title='bbox 1663 4012 1709 4076; x_wconf 87' lang='lat' dir='ltr'>et</span> <span class='ocrx_word' id='word_1_226' title='bbox 1734 3987 1943 4076; x_wconf 79' lang='lat' dir='ltr'>familiam</span> 
     </span>
     <span class='ocr_line' id='line_1_25' title="bbox 252 4136 1943 4259; baseline 0.004 -39"><span class='ocrx_word' id='word_1_227' title='bbox 252 4166 277 4220; x_wconf 84' lang='lat' dir='ltr'>a</span> <span class='ocrx_word' id='word_1_228' title='bbox 317 4137 418 4254; x_wconf 90' lang='lat' dir='ltr'>lupo</span> <span class='ocrx_word' id='word_1_229' title='bbox 454 4136 575 4252; x_wconf 82' lang='lat' dir='ltr'>nigro</span> <span class='ocrx_word' id='word_1_230' title='bbox 618 4162 662 4225; x_wconf 89' lang='lat' dir='ltr'>et</span> <span class='ocrx_word' id='word_1_231' title='bbox 703 4170 807 4228; x_wconf 89' lang='lat' dir='ltr'>cane</span> <span class='ocrx_word' id='word_1_232' title='bbox 847 4146 1096 4259; x_wconf 87' lang='lat' dir='ltr'>productam</span> <span class='ocrx_word' id='word_1_233' title='bbox 1137 4143 1237 4228; x_wconf 90' lang='lat' dir='ltr'>satis</span> <span class='ocrx_word' id='word_1_234' title='bbox 1277 4173 1560 4247; x_wconf 87' lang='lat' dir='ltr'>numerosam,</span> <span class='ocrx_word' id='word_1_235' title='bbox 1603 4172 1733 4259; x_wconf 83' lang='lat' dir='ltr'>quae,</span> <span class='ocrx_word' id='word_1_236' title='bbox 1774 4164 1943 4258; x_wconf 82' lang='lat' dir='ltr'>praeter</span> 
     </span>
     <span class='ocr_line' id='line_1_26' title="bbox 252 4288 1940 4412; baseline 0.004 -41"><span class='ocrx_word' id='word_1_237' title='bbox 252 4316 383 4373; x_wconf 90' lang='lat' dir='ltr'>unum</span> <span class='ocrx_word' id='word_1_238' title='bbox 410 4288 619 4396; x_wconf 88' lang='lat' dir='ltr'>albidum,</span> <span class='ocrx_word' id='word_1_239' title='bbox 656 4294 794 4380; x_wconf 89' lang='lat' dir='ltr'>omnis</span> <span class='ocrx_word' id='word_1_240' title='bbox 822 4293 1149 4381; x_wconf 89' lang='lat' dir='ltr'>similitudinem</span> <span class='ocrx_word' id='word_1_241' title='bbox 1176 4295 1327 4412; x_wconf 88' lang='lat' dir='ltr'>patris,</span> <span class='ocrx_word' id='word_1_242' title='bbox 1366 4295 1517 4383; x_wconf 87' lang='lat' dir='ltr'>habitu</span> <span class='ocrx_word' id='word_1_243' title='bbox 1545 4320 1590 4380; x_wconf 92' lang='lat' dir='ltr'>et</span> <span class='ocrx_word' id='word_1_244' title='bbox 1619 4295 1782 4398; x_wconf 82' lang='lat' dir='ltr'>colore,</span> <span class='ocrx_word' id='word_1_245' title='bbox 1819 4317 1869 4379; x_wconf 90' lang='lat' dir='ltr'>ut</span> <span class='ocrx_word' id='word_1_246' title='bbox 1895 4314 1940 4378; x_wconf 90' lang='lat' dir='ltr'>et</span> 
     </span>
     <span class='ocr_line' id='line_1_27' title="bbox 250 4440 1941 4565; baseline 0.004 -40"><span class='ocrx_word' id='word_1_247' title='bbox 250 4440 410 4527; x_wconf 79' lang='lat' dir='ltr'>ferocia</span> <span class='ocrx_word' id='word_1_248' title='bbox 443 4444 727 4557; x_wconf 82' lang='lat' dir='ltr'>praelerebat,</span> <span class='ocrx_word' id='word_1_249' title='bbox 769 4452 857 4559; x_wconf 89' lang='lat' dir='ltr'>jam</span> <span class='ocrx_word' id='word_1_250' title='bbox 897 4478 1020 4565; x_wconf 88' lang='lat' dir='ltr'>supra</span> <span class='ocrx_word' id='word_1_251' title='bbox 1060 4448 1403 4535; x_wconf 84' lang='lat' dir='ltr'>commemoravi.</span> <span class='ocrx_word' id='word_1_252' title='bbox 1481 4446 1623 4533; x_wconf 86' lang='lat' dir='ltr'>Etiam</span> <span class='ocrx_word' id='word_1_253' title='bbox 1672 4477 1771 4532; x_wconf 90' lang='lat' dir='ltr'>cum</span> <span class='ocrx_word' id='word_1_254' title='bbox 1810 4446 1941 4563; x_wconf 77' lang='lat' dir='ltr'>vulpe</span> 
     </span>
     <span class='ocr_line' id='line_1_28' title="bbox 250 4592 1940 4715; baseline 0.004 -38"><span class='ocrx_word' id='word_1_255' title='bbox 250 4615 393 4679; x_wconf 87' lang='lat' dir='ltr'>natam</span> <span class='ocrx_word' id='word_1_256' title='bbox 427 4592 658 4710; x_wconf 89' lang='lat' dir='ltr'>hybridam</span> <span class='ocrx_word' id='word_1_257' title='bbox 697 4597 947 4714; x_wconf 79' lang='lat' dir='ltr'>progeniem</span> <span class='ocrx_word' id='word_1_258' title='bbox 987 4599 1121 4686; x_wconf 88' lang='lat' dir='ltr'>nostri</span> <span class='ocrx_word' id='word_1_259' title='bbox 1148 4630 1235 4687; x_wconf 90' lang='lat' dir='ltr'>non</span> <span class='ocrx_word' id='word_1_260' title='bbox 1262 4600 1472 4715; x_wconf 52' lang='lat' dir='ltr'>morano</span> <span class='ocrx_word' id='word_1_261' title='bbox 1541 4602 1672 4686; x_wconf 78' lang='lat' dir='ltr'>Canis</span> <span class='ocrx_word' id='word_1_262' title='bbox 1696 4628 1845 4685; x_wconf 74' lang='lat' dir='ltr'>aurata</span> <span class='ocrx_word' id='word_1_263' title='bbox 1871 4626 1940 4683; x_wconf 85' lang='lat' dir='ltr'>ao·</span> 
     </span>
     <span class='ocr_line' id='line_1_29' title="bbox 249 4744 1938 4867; baseline 0.008 -41"><span class='ocrx_word' id='word_1_264' title='bbox 249 4763 338 4829; x_wconf 85' lang='lat' dir='ltr'>tam</span> <span class='ocrx_word' id='word_1_265' title='bbox 364 4744 426 4830; x_wconf 89' lang='lat' dir='ltr'>ita</span> <span class='ocrx_word' id='word_1_266' title='bbox 454 4746 612 4834; x_wconf 89' lang='lat' dir='ltr'>amicus</span> <span class='ocrx_word' id='word_1_267' title='bbox 639 4772 703 4836; x_wconf 88' lang='lat' dir='ltr'>est</span> <span class='ocrx_word' id='word_1_268' title='bbox 742 4749 841 4837; x_wconf 90' lang='lat' dir='ltr'>cani</span> <span class='ocrx_word' id='word_1_269' title='bbox 868 4752 1088 4859; x_wconf 85' lang='lat' dir='ltr'>familiari,</span> <span class='ocrx_word' id='word_1_270' title='bbox 1131 4777 1179 4840; x_wconf 90' lang='lat' dir='ltr'>ut</span> <span class='ocrx_word' id='word_1_271' title='bbox 1213 4757 1267 4842; x_wconf 90' lang='lat' dir='ltr'>de</span> <span class='ocrx_word' id='word_1_272' title='bbox 1294 4749 1655 4867; x_wconf 71' lang='lat' dir='ltr'>consanguinitate</span> <span class='ocrx_word' id='word_1_273' title='bbox 1683 4749 1838 4839; x_wconf 80' lang='lat' dir='ltr'>houm</span> <span class='ocrx_word' id='word_1_274' title='bbox 1863 4749 1938 4839; x_wconf 83' lang='lat' dir='ltr'>lto·</span> 
     </span>
     <span class='ocr_line' id='line_1_30' title="bbox 250 4891 1688 5017; baseline 0.006 -36"><span class='ocrx_word' id='word_1_275' title='bbox 250 4891 363 4983; x_wconf 82' lang='lat' dir='ltr'>mini</span> <span class='ocrx_word' id='word_1_276' title='bbox 388 4926 520 5017; x_wconf 84' lang='lat' dir='ltr'>aeque</span> <span class='ocrx_word' id='word_1_277' title='bbox 548 4900 815 4991; x_wconf 84' lang='lat' dir='ltr'>addictorum</span> <span class='ocrx_word' id='word_1_278' title='bbox 842 4902 1091 4994; x_wconf 78' lang='lat' dir='ltr'>animalium</span> <span class='ocrx_word' id='word_1_279' title='bbox 1118 4904 1194 4994; x_wconf 77' lang='lat' dir='ltr'>rix</span> <span class='ocrx_word' id='word_1_280' title='bbox 1223 4905 1448 4994; x_wconf 87' lang='lat' dir='ltr'>dubitandi</span> <span class='ocrx_word' id='word_1_281' title='bbox 1475 4905 1593 4991; x_wconf 82' lang='lat' dir='ltr'>locut</span> <span class='ocrx_word' id='word_1_282' title='bbox 1618 4902 1688 4991; x_wconf 83' lang='lat' dir='ltr'>sit.</span> 
     </span>
    </p>
   </div>
   <div class='ocr_carea' id='block_1_5' title="bbox 0 0 2210 5910">
    <p class='ocr_par' dir='ltr' id='par_1_5' title="bbox 0 0 2210 5910">
     <span class='ocr_line' id='line_1_31' title="bbox 0 0 2210 5910; baseline 0 1"><span class='ocrx_word' id='word_1_283' title='bbox 0 0 2210 5910; x_wconf 95' lang='lat' dir='ltr'> </span> 
     </span>
    </p>
   </div>
  </div>
 </body>
</html>
