4410 5910
263 434 328 525 ³4
1030 428 1179 480 ‘’⁸''

264 639 348 738 los;
390 637 527 721 Nasus
562 658 669 735 aser3
707 631 903 718 vibrissas
937 648 1182 712 retrorsatse
1215 623 1380 738 nigrae3
1420 622 1546 707 in‘des
1587 625 1959 736 obscure-siava03

263 797 376 875 color
411 789 525 871 rudis
559 809 604 870 et
639 783 716 869 alti
743 781 839 867 villi
865 777 1054 894 lupinus,
1096 776 1143 861 in
1170 777 1294 861 dorso
1320 777 1437 860 fusco
1450 825 1464 838 -
1478 773 1721 879 nebulosum
1762 776 1955 892 virgatas

84 1002 87 1007 -
261 936 452 1024 maculae
478 966 623 1050 vagae,
651 934 922 1048 interruptae,
950 928 1220 1044 nigricantes,
1247 957 1324 1043 per
1349 927 1532 1028 dorsum,
1559 925 1706 1031 latera,
1732 930 1955 1047 pedesque

256 1118 445 1205 sparsaej
482 1088 632 1175 Gauda
656 1078 766 1173 talos
791 1081 867 1171 rix
893 1111 1090 1196 aequans,
1125 1078 1500 1167 inflexo-recurva.

392 1390 511 1476 Not.
568 1388 771 1475 Fabulam
810 1387 864 1473 de
903 1379 1252 1496 hermaphrodita
1289 1403 1437 1469 natura
1475 1386 1679 1495 Hyaenae
1714 1381 1958 1499 explicavit

257 1546 319 1625 ill.
346 1538 513 1653 Baffon.
569 1545 620 1624 Iu
646 1537 832 1623 africano
858 1534 1045 1639 animali,
1081 1534 1222 1650 specie
1251 1533 1430 1635 diverso,
1460 1562 1514 1615 an
1540 1532 1691 1619 eadem
1716 1535 1955 1623 conforma·

255 1689 347 1777 fios
386 1698 606 1807 Hyaenam
646 1694 885 1776 Crocotium
923 1717 1014 1773 esse
1055 1684 1359 1800 Antiquarum,
1399 1705 1563 1769 constat
1602 1714 1657 1770 ex
1688 1686 1955 1799 Agathar-

254 1844 437 1929 chidis
475 1844 586 1929 loco.
656 1845 812 1925 Forsan
852 1868 908 1923 ex
951 1836 1137 1952 hybrida
1169 1864 1392 1951 congressu
1425 1841 1624 1949 Hyaenae
1650 1867 1748 1921 cum
1773 1838 1954 1929 cunibus

257 1993 520 2093 domesticis,
561 1992 671 2077 illud
710 1993 869 2076 Plinii
910 1996 1024 2103 (hist.
1052 2009 1139 2074 nat·
1165 1988 1240 2074 ub.
1276 1990 1392 2072 Vm.
1420 2017 1512 2101 cap.
1541 1994 1628 2100 61.)
1697 1991 1828 2075 Indos
1856 1990 1954 2077 alli·

253 2172 354 2258 gare
371 2174 495 2231 canes
515 2145 561 2229 in
581 2139 712 2257 sylvis
739 2142 874 2228 coitus
901 2164 1105 2257 tempore,
1135 2162 1183 2222 ut
1209 2168 1234 2221 e
1259 2137 1452 2253 tygribus
1478 2136 1735 2254 concipiant.
1802 2141 1953 2229 Varie·

255 2294 373 2409 gatio
397 2293 445 2380 in
473 2291 669 2381 Molossis
695 2293 860 2408 saepius
887 2290 1061 2405 virgata,
1090 2312 1136 2373 et
1160 2283 1331 2403 digitus,
1359 2287 1405 2373 in
1427 2285 1481 2373 iis
1505 2309 1550 2372 et
1571 2288 1791 2394 venaticis,
1819 2322 1951 2407 quan·

255 2446 397 2562 doque
445 2449 500 2532 ad
538 2446 704 2563 plantas
744 2440 1023 2546 accessorius,
1063 2443 1202 2528 forsan
1251 2437 1559 2528 admixtionem
1604 2446 1694 2556 ejus
1733 2442 1952 2559 sanguinis

255 2594 462 2682 iudicant.

711 2975 759 3067 9.
850 2944 1103 3041 CANIS
1172 2949 1483 3067 Alpinus.

391 3190 443 3281 C.
472 3217 647 3307 corpore
675 3192 804 3290 fulvo,
834 3193 932 3306 gula
956 3213 1176 3304 tractuque
1203 3193 1346 3277 subtus
1358 3188 1657 3307 longitudinali
1671 3189 1782 3293 albo,
1811 3194 1944 3279 cauda

255 3337 543 3444 vinosissima,
573 3342 694 3458 apice
722 3365 823 3426 atra.

471 3552 661 3660 Pesteref,
686 3552 826 3636 Ioum·
852 3580 934 3636 von
959 3551 1168 3650 Rusland,
1202 3566 1316 3660 ¹794·
1344 3550 1512 3636 Jarsuar.
1540 3582 1582 3661 p.
1613 3568 1677 3655 24.

363 3756 508 3844 Rossis
533 3757 579 3841 in
606 3756 805 3842 orientali
831 3754 988 3841 Sibiria
1012 3759 1189 3843 Krasnoi
1221 3757 1339 3843 Wolls
1380 3763 1539 3874 (Lupus
1567 3755 1747 3868 mtilus).

389 3971 613 4080 Hucusque
650 3963 788 4079 ignoti
830 3962 1023 4048 animalis
1062 3964 1197 4079 pelles
1224 3994 1279 4049 ex
1310 3966 1468 4052 Udsioi
1494 3966 1649 4079 Ostrog
1684 3993 1824 4049 versus
1860 3964 1939 4051 ori·

253 4115 440 4199 entalem
477 4117 697 4201 Oceanum
730 4115 813 4201 sito
845 4136 890 4199 et
916 4142 941 4198 e
969 4113 1181 4228 superiore
1209 4116 1379 4229 regione
1407 4122 1546 4201 Lenes
1574 4119 1615 4201 fl.
1645 4118 1804 4201 adlatas
1831 4114 1937 4220 vidi,

251 4265 522 4382 similemque
562 4267 694 4350 feram
730 4268 777 4351 in
814 4267 1029 4352 montibus
1055 4267 1166 4352 circs
1194 4269 1329 4353 fontes
1355 4267 1568 4370 Jeniseae,
1610 4290 1731 4353 extra
1755 4265 1939 4355 Sibiriae

251 4418 354 4504 fines
380 4416 488 4521 dari,
516 4417 652 4503 abiis
680 4418 840 4534 accepi,
870 4417 945 4532 qui
971 4418 1131 4503 limites
1159 4420 1435 4535 Imperiorum
1463 4417 1696 4504 Ruthenici
1722 4440 1767 4504 et
1793 4415 1938 4503 Sinen·

252 4567 307 4651 sis
345 4571 664 4683 frequentarunt
695 4590 740 4653 et
773 4568 884 4654 intra
923 4569 1116 4654 Sinarum
1142 4574 1244 4656 fines
1279 4571 1506 4687 aliquando
1533 4569 1803 4657 excursiones
1828 4570 1938 4655 fece·

251 4738 362 4803 runt.
420 4722 539 4805 Idem
567 4722 794 4837 indigitare
821 4721 989 4806 videtur
1016 4724 1253 4833 Pestcref
1276 4730 1356 4810 loc.
1383 4734 1453 4810 cit.
1482 4724 1555 4809 ubi
1589 4724 1741 4808 referte
1796 4727 1937 4837 Lupoa

251 4867 399 4952 mtilos
428 4901 632 4960 consensu
657 4904 801 4991 capras
830 4871 991 4989 alpinas
1018 4877 1137 4981 ieras,
1167 4874 1332 4992 agmine
1360 4879 1492 4984 facto,
1532 4875 1579 4963 in
1605 4883 1703 4993 juga
1729 4866 1936 4991 rupeatria
