<?xml version="1.0" encoding="UTF-8"?>
<!DOCTYPE html PUBLIC "-//W3C//DTD XHTML 1.0 Transitional//EN"
    "http://www.w3.org/TR/xhtml1/DTD/xhtml1-transitional.dtd">
<html xmlns="http://www.w3.org/1999/xhtml" xml:lang="en" lang="en">
 <head>
  <title>
</title>
<meta http-equiv="Content-Type" content="text/html;charset=utf-8" />
  <meta name='ocr-system' content='tesseract 3.04.00' />
  <meta name='ocr-capabilities' content='ocr_page ocr_carea ocr_par ocr_line ocrx_word'/>
</head>
<body>
  <div class='ocr_page' id='page_1' title='image "./zoographiarosso01pallgoog_0339.png"; bbox 0 0 4410 5910; ppageno 0'>
   <div class='ocr_carea' id='block_1_1' title="bbox 264 371 1183 481">
    <p class='ocr_par' dir='ltr' id='par_1_1' title="bbox 264 371 1183 481">
     <span class='ocr_line' id='line_1_1' title="bbox 264 371 1183 481; baseline -0.002 -19"><span class='ocrx_word' id='word_1_1' title='bbox 264 371 355 481; x_wconf 75' lang='lat'><strong>296</strong></span> <span class='ocrx_word' id='word_1_2' title='bbox 1035 388 1183 445; x_wconf 61' lang='grc' dir='ltr'>Ε</span> 
     </span>
    </p>
   </div>
   <div class='ocr_carea' id='block_1_2' title="bbox 256 583 1952 1625">
    <p class='ocr_par' dir='ltr' id='par_1_2' title="bbox 256 583 1952 1625">
     <span class='ocr_line' id='line_1_2' title="bbox 260 583 1952 711; baseline 0.001 -24"><span class='ocrx_word' id='word_1_3' title='bbox 260 593 405 687; x_wconf 81' lang='lat' dir='ltr'><strong>lnrkio</strong></span> <span class='ocrx_word' id='word_1_4' title='bbox 432 594 620 681; x_wconf 84' lang='lat' dir='ltr'><strong>adlatum</strong></span> <span class='ocrx_word' id='word_1_5' title='bbox 648 589 743 679; x_wconf 84' lang='lat' dir='ltr'><strong>fuit.</strong></span> <span class='ocrx_word' id='word_1_6' title='bbox 806 585 1018 711; x_wconf 79' lang='lat' dir='ltr'><strong>Ultimum</strong></span> <span class='ocrx_word' id='word_1_7' title='bbox 1046 589 1101 679; x_wconf 89' lang='lat' dir='ltr'><strong>ad</strong></span> <span class='ocrx_word' id='word_1_8' title='bbox 1127 583 1405 677; x_wconf 76' lang='lat' dir='ltr'><strong>Academiam</strong></span> <span class='ocrx_word' id='word_1_9' title='bbox 1432 585 1607 679; x_wconf 88' lang='lat' dir='ltr'><strong>missum</strong></span> <span class='ocrx_word' id='word_1_10' title='bbox 1633 617 1691 681; x_wconf 86' lang='lat' dir='ltr'><strong>ex</strong></span> <span class='ocrx_word' id='word_1_11' title='bbox 1717 588 1859 686; x_wconf 81' lang='lat' dir='ltr'><strong>insula</strong></span> <span class='ocrx_word' id='word_1_12' title='bbox 1885 598 1952 689; x_wconf 85' lang='lat' dir='ltr'><strong>da·</strong></span> 
     </span>
     <span class='ocr_line' id='line_1_3' title="bbox 262 743 1952 868; baseline 0.004 -34"><span class='ocrx_word' id='word_1_13' title='bbox 262 772 505 868; x_wconf 84' lang='lat' dir='ltr'><strong>promptum</strong></span> <span class='ocrx_word' id='word_1_14' title='bbox 533 747 615 832; x_wconf 84' lang='lat' dir='ltr'><strong>fuit</strong></span> <span class='ocrx_word' id='word_1_15' title='bbox 641 744 926 862; x_wconf 79' lang='lat' dir='ltr'>hyperborea,</span> <span class='ocrx_word' id='word_1_16' title='bbox 955 743 1244 861; x_wconf 88' lang='lat' dir='ltr'><strong>promontorio</strong></span> <span class='ocrx_word' id='word_1_17' title='bbox 1266 775 1390 831; x_wconf 84' lang='lat' dir='ltr'><strong>sacro</strong></span> <span class='ocrx_word' id='word_1_18' title='bbox 1411 745 1625 863; x_wconf 87' lang='lat' dir='ltr'><strong>opposite,</strong></span> <span class='ocrx_word' id='word_1_19' title='bbox 1656 750 1713 835; x_wconf 88' lang='lat' dir='ltr'><strong>ad</strong></span> <span class='ocrx_word' id='word_1_20' title='bbox 1732 751 1952 868; x_wconf 75' lang='lat' dir='ltr'><strong>sexaginta</strong></span> 
     </span>
     <span class='ocr_line' id='line_1_4' title="bbox 261 896 1952 1022; baseline 0 -33"><span class='ocrx_word' id='word_1_21' title='bbox 261 903 397 989; x_wconf 90' lang='lat' dir='ltr'><strong>stadia</strong></span> <span class='ocrx_word' id='word_1_22' title='bbox 426 934 450 985; x_wconf 85' lang='lat' dir='ltr'><strong>a</strong></span> <span class='ocrx_word' id='word_1_23' title='bbox 478 900 622 987; x_wconf 88' lang='lat' dir='ltr'><strong>littore</strong></span> <span class='ocrx_word' id='word_1_24' title='bbox 651 897 833 984; x_wconf 86' lang='lat' dir='ltr'><strong>Sibiriae</strong></span> <span class='ocrx_word' id='word_1_25' title='bbox 861 898 1063 1001; x_wconf 88' lang='lat' dir='ltr'><strong>distante,</strong></span> <span class='ocrx_word' id='word_1_26' title='bbox 1094 896 1169 983; x_wconf 91' lang='lat' dir='ltr'><strong>ubi</strong></span> <span class='ocrx_word' id='word_1_27' title='bbox 1195 921 1403 985; x_wconf 88' lang='lat' dir='ltr'><strong>mercator</strong></span> <span class='ocrx_word' id='word_1_28' title='bbox 1429 902 1603 987; x_wconf 76' lang='lat' dir='ltr'><strong>Ioannes</strong></span> <span class='ocrx_word' id='word_1_29' title='bbox 1627 905 1862 1015; x_wconf 68' lang='lat' dir='ltr'><strong>bocchos</strong></span> <span class='ocrx_word' id='word_1_30' title='bbox 1880 934 1952 1022; x_wconf 84' lang='lat' dir='ltr'><strong>per</strong></span> 
     </span>
     <span class='ocr_line' id='line_1_5' title="bbox 256 1049 1949 1171; baseline 0.002 -31"><span class='ocrx_word' id='word_1_31' title='bbox 256 1054 496 1140; x_wconf 73' lang='lat' dir='ltr'><strong>emissarios</strong></span> <span class='ocrx_word' id='word_1_32' title='bbox 517 1050 744 1167; x_wconf 78' lang='lat' dir='ltr'><strong>quotannis</strong></span> <span class='ocrx_word' id='word_1_33' title='bbox 764 1053 868 1137; x_wconf 90' lang='lat' dir='ltr'><strong>ebur</strong></span> <span class='ocrx_word' id='word_1_34' title='bbox 889 1051 1052 1148; x_wconf 84' lang='lat' dir='ltr'><strong>fossile,</strong></span> <span class='ocrx_word' id='word_1_35' title='bbox 1080 1049 1243 1155; x_wconf 81' lang='lat' dir='ltr'><strong>ibidem</strong></span> <span class='ocrx_word' id='word_1_36' title='bbox 1265 1049 1601 1165; x_wconf 86' lang='lat' dir='ltr'><strong>copiosissimum</strong></span> <span class='ocrx_word' id='word_1_37' title='bbox 1625 1075 1671 1140; x_wconf 89' lang='lat' dir='ltr'><strong>et</strong></span> <span class='ocrx_word' id='word_1_38' title='bbox 1691 1053 1861 1171; x_wconf 89' lang='lat' dir='ltr'><strong>optime</strong></span> <span class='ocrx_word' id='word_1_39' title='bbox 1873 1088 1949 1143; x_wconf 85' lang='lat' dir='ltr'><strong>aer·</strong></span> 
     </span>
     <span class='ocr_line' id='line_1_6' title="bbox 259 1202 1951 1320; baseline 0.002 -28"><span class='ocrx_word' id='word_1_40' title='bbox 259 1230 426 1309; x_wconf 86' lang='lat' dir='ltr'><strong>vatum,</strong></span> <span class='ocrx_word' id='word_1_41' title='bbox 457 1233 608 1318; x_wconf 86' lang='lat' dir='ltr'><strong>magna</strong></span> <span class='ocrx_word' id='word_1_42' title='bbox 637 1203 760 1320; x_wconf 91' lang='lat' dir='ltr'><strong>copia</strong></span> <span class='ocrx_word' id='word_1_43' title='bbox 787 1202 968 1316; x_wconf 86' lang='lat' dir='ltr'><strong>colligit.</strong></span> <span class='ocrx_word' id='word_1_44' title='bbox 985 1255 1029 1267; x_wconf 85' lang='lat'><strong>—-</strong></span> <span class='ocrx_word' id='word_1_45' title='bbox 1065 1210 1100 1286; x_wconf 90' lang='lat' dir='ltr'><strong>E</strong></span> <span class='ocrx_word' id='word_1_46' title='bbox 1123 1224 1341 1288; x_wconf 88' lang='lat' dir='ltr'><strong>nautarum</strong></span> <span class='ocrx_word' id='word_1_47' title='bbox 1367 1203 1569 1289; x_wconf 85' lang='lat' dir='ltr'><strong>relatione</strong></span> <span class='ocrx_word' id='word_1_48' title='bbox 1590 1230 1800 1293; x_wconf 87' lang='lat' dir='ltr'><strong>memorat</strong></span> <span class='ocrx_word' id='word_1_49' title='bbox 1822 1210 1951 1296; x_wconf 86' lang='lat' dir='ltr'><strong>etiam</strong></span> 
     </span>
     <span class='ocr_line' id='line_1_7' title="bbox 264 1357 1948 1473; baseline 0.004 -30"><span class='ocrx_word' id='word_1_50' title='bbox 264 1358 458 1445; x_wconf 82' lang='lat' dir='ltr'><strong>Witsen</strong></span> <span class='ocrx_word' id='word_1_51' title='bbox 487 1359 649 1470; x_wconf 80' lang='lat' dir='ltr'><strong>(Noord</strong></span> <span class='ocrx_word' id='word_1_52' title='bbox 676 1389 725 1441; x_wconf 87' lang='lat' dir='ltr'><strong>an</strong></span> <span class='ocrx_word' id='word_1_53' title='bbox 752 1357 830 1442; x_wconf 88' lang='lat' dir='ltr'><strong>Ost</strong></span> <span class='ocrx_word' id='word_1_54' title='bbox 862 1357 1048 1467; x_wconf 83' lang='lat' dir='ltr'><strong>Tatarye</strong></span> <span class='ocrx_word' id='word_1_55' title='bbox 1076 1357 1189 1440; x_wconf 81' lang='lat' dir='ltr'><strong>Edit.</strong></span> <span class='ocrx_word' id='word_1_56' title='bbox 1213 1359 1268 1440; x_wconf 87' lang='grc' dir='ltr'><strong>ΙΙ.</strong></span> <span class='ocrx_word' id='word_1_57' title='bbox 1297 1364 1379 1442; x_wconf 86' lang='lat' dir='ltr'><strong>vol.</strong></span> <span class='ocrx_word' id='word_1_58' title='bbox 1400 1361 1456 1441; x_wconf 89' lang='grc' dir='ltr'><strong>ΙΙ.</strong></span> <span class='ocrx_word' id='word_1_59' title='bbox 1486 1391 1527 1473; x_wconf 86' lang='lat' dir='ltr'><strong>p.</strong></span> <span class='ocrx_word' id='word_1_60' title='bbox 1543 1363 1660 1470; x_wconf 84' lang='lat'>903.)</span> <span class='ocrx_word' id='word_1_61' title='bbox 1689 1357 1805 1445; x_wconf 85' lang='lat' dir='ltr'><strong>circe</strong></span> <span class='ocrx_word' id='word_1_62' title='bbox 1828 1366 1948 1449; x_wconf 78' lang='lat' dir='ltr'><strong>Nova</strong></span> 
     </span>
     <span class='ocr_line' id='line_1_8' title="bbox 256 1507 1949 1625; baseline -0.002 -23"><span class='ocrx_word' id='word_1_63' title='bbox 256 1512 419 1624; x_wconf 82' lang='lat' dir='ltr'><strong>Zemlja</strong></span> <span class='ocrx_word' id='word_1_64' title='bbox 446 1510 558 1597; x_wconf 89' lang='lat' dir='ltr'><strong>visos</strong></span> <span class='ocrx_word' id='word_1_65' title='bbox 586 1508 791 1625; x_wconf 82' lang='lat' dir='ltr'><strong>gregatim</strong></span> <span class='ocrx_word' id='word_1_66' title='bbox 813 1529 1003 1593; x_wconf 88' lang='lat' dir='ltr'><strong>natantes</strong></span> <span class='ocrx_word' id='word_1_67' title='bbox 1025 1510 1348 1613; x_wconf 84' lang='lat' dir='ltr'><strong>Ceratodontes,</strong></span> <span class='ocrx_word' id='word_1_68' title='bbox 1380 1508 1519 1595; x_wconf 85' lang='lat' dir='ltr'><strong>variae</strong></span> <span class='ocrx_word' id='word_1_69' title='bbox 1544 1507 1873 1625; x_wconf 66' lang='lat' dir='ltr'><strong>magnitudinis,</strong></span> <span class='ocrx_word' id='word_1_70' title='bbox 1899 1515 1949 1599; x_wconf 89' lang='lat' dir='ltr'><strong>ad</strong></span> 
     </span>
    </p>
   </div>
   <div class='ocr_carea' id='block_1_3' title="bbox 254 1656 1948 2693">
    <p class='ocr_par' dir='ltr' id='par_1_3' title="bbox 257 1656 1948 1932">
     <span class='ocr_line' id='line_1_9' title="bbox 257 1656 1948 1779; baseline 0.002 -29"><span class='ocrx_word' id='word_1_71' title='bbox 257 1685 430 1750; x_wconf 87' lang='lat' dir='ltr'><strong>centum</strong></span> <span class='ocrx_word' id='word_1_72' title='bbox 456 1687 501 1748; x_wconf 89' lang='lat' dir='ltr'><strong>et</strong></span> <span class='ocrx_word' id='word_1_73' title='bbox 528 1663 637 1748; x_wconf 89' lang='lat' dir='ltr'><strong>ultra</strong></span> <span class='ocrx_word' id='word_1_74' title='bbox 664 1660 809 1766; x_wconf 89' lang='lat' dir='ltr'><strong>simul,</strong></span> <span class='ocrx_word' id='word_1_75' title='bbox 853 1691 1030 1777; x_wconf 91' lang='lat' dir='ltr'><strong>quorum</strong></span> <span class='ocrx_word' id='word_1_76' title='bbox 1072 1659 1252 1745; x_wconf 84' lang='lat' dir='ltr'><strong>maximi</strong></span> <span class='ocrx_word' id='word_1_77' title='bbox 1287 1656 1709 1779; x_wconf 71' lang='lat' dir='ltr'><strong>magnam‘scapham</strong></span> <span class='ocrx_word' id='word_1_78' title='bbox 1736 1664 1948 1754; x_wconf 87' lang='lat' dir='ltr'><strong>nauticam</strong></span> 
     </span>
     <span class='ocr_line' id='line_1_10' title="bbox 257 1812 1944 1932; baseline 0.001 -30"><span class='ocrx_word' id='word_1_79' title='bbox 257 1819 513 1932; x_wconf 85' lang='lat' dir='ltr'><strong>aequabant,</strong></span> <span class='ocrx_word' id='word_1_80' title='bbox 542 1816 745 1901; x_wconf 84' lang='lat' dir='ltr'><strong>etcolore</strong></span> <span class='ocrx_word' id='word_1_81' title='bbox 762 1835 879 1899; x_wconf 84' lang='lat' dir='ltr'><strong>erant</strong></span> <span class='ocrx_word' id='word_1_82' title='bbox 895 1814 994 1929; x_wconf 90' lang='lat' dir='ltr'><strong>equi</strong></span> <span class='ocrx_word' id='word_1_83' title='bbox 1007 1813 1101 1901; x_wconf 88' lang='lat' dir='ltr'><strong>cani</strong></span> <span class='ocrx_word' id='word_1_84' title='bbox 1126 1812 1275 1900; x_wconf 82' lang='lat' dir='ltr'><strong>ocellis</strong></span> <span class='ocrx_word' id='word_1_85' title='bbox 1290 1813 1490 1900; x_wconf 86' lang='lat' dir='ltr'><strong>maculati</strong></span> <span class='ocrx_word' id='word_1_86' title='bbox 1517 1818 1944 1932; x_wconf 64' lang='lat' dir='ltr'><strong>(Apso-Schema)</strong></span> 
     </span>
    </p>

    <p class='ocr_par' dir='ltr' id='par_1_4' title="bbox 254 1966 1944 2693">
     <span class='ocr_line' id='line_1_11' title="bbox 393 1966 1944 2057; baseline 0.004 -6"><span class='ocrx_word' id='word_1_87' title='bbox 393 1971 437 2051; x_wconf 92' lang='lat' dir='ltr'><strong>N</strong></span> <span class='ocrx_word' id='word_1_88' title='bbox 444 1989 544 2054; x_wconf 85' lang='lat' dir='ltr'><strong>ota.</strong></span> <span class='ocrx_word' id='word_1_89' title='bbox 601 1973 716 2051; x_wconf 90' lang='lat' dir='ltr'><strong>Nota</strong></span> <span class='ocrx_word' id='word_1_90' title='bbox 745 1997 811 2051; x_wconf 88' lang='lat' dir='ltr'><strong>res</strong></span> <span class='ocrx_word' id='word_1_91' title='bbox 840 1987 904 2050; x_wconf 85' lang='lat' dir='ltr'><strong>est</strong></span> <span class='ocrx_word' id='word_1_92' title='bbox 932 1997 1062 2051; x_wconf 90' lang='lat' dir='ltr'><strong>cornu</strong></span> <span class='ocrx_word' id='word_1_93' title='bbox 1090 1966 1387 2053; x_wconf 89' lang='lat' dir='ltr'><strong>Ceratodontis</strong></span> <span class='ocrx_word' id='word_1_94' title='bbox 1425 1997 1515 2053; x_wconf 87' lang='lat' dir='ltr'><strong>esse</strong></span> <span class='ocrx_word' id='word_1_95' title='bbox 1555 1970 1728 2055; x_wconf 87' lang='lat' dir='ltr'><strong>dentem</strong></span> <span class='ocrx_word' id='word_1_96' title='bbox 1771 1998 1829 2055; x_wconf 80' lang='lat' dir='ltr'><strong>ex</strong></span> <span class='ocrx_word' id='word_1_97' title='bbox 1867 1998 1944 2057; x_wconf 86' lang='lat' dir='ltr'><strong>uno</strong></span> 
     </span>
     <span class='ocr_line' id='line_1_12' title="bbox 255 2119 1941 2235; baseline 0.002 -29"><span class='ocrx_word' id='word_1_98' title='bbox 255 2144 422 2207; x_wconf 88' lang='lat' dir='ltr'><strong>tantum</strong></span> <span class='ocrx_word' id='word_1_99' title='bbox 448 2119 573 2206; x_wconf 90' lang='lat' dir='ltr'><strong>rostri</strong></span> <span class='ocrx_word' id='word_1_100' title='bbox 601 2120 769 2205; x_wconf 85' lang='lat' dir='ltr'><strong>alveolo</strong></span> <span class='ocrx_word' id='word_1_101' title='bbox 797 2141 990 2216; x_wconf 84' lang='lat' dir='ltr'><strong>enattnn,</strong></span> <span class='ocrx_word' id='word_1_102' title='bbox 1020 2120 1121 2203; x_wconf 91' lang='lat' dir='ltr'><strong>dum</strong></span> <span class='ocrx_word' id='word_1_103' title='bbox 1149 2120 1256 2205; x_wconf 87' lang='lat' dir='ltr'><strong>alter</strong></span> <span class='ocrx_word' id='word_1_104' title='bbox 1283 2119 1529 2235; x_wconf 89' lang='lat' dir='ltr'><strong>plerumque</strong></span> <span class='ocrx_word' id='word_1_105' title='bbox 1558 2121 1748 2206; x_wconf 80' lang='lat' dir='ltr'><strong>alveolus</strong></span> <span class='ocrx_word' id='word_1_106' title='bbox 1778 2121 1941 2209; x_wconf 83' lang='lat' dir='ltr'><strong>abortit.</strong></span> 
     </span>
     <span class='ocr_line' id='line_1_13' title="bbox 255 2271 1942 2389; baseline -0.001 -30"><span class='ocrx_word' id='word_1_107' title='bbox 255 2279 387 2359; x_wconf 87' lang='lat' dir='ltr'><strong>Extat</strong></span> <span class='ocrx_word' id='word_1_108' title='bbox 399 2294 566 2375; x_wconf 89' lang='lat' dir='ltr'><strong>tamen,</strong></span> <span class='ocrx_word' id='word_1_109' title='bbox 597 2271 808 2356; x_wconf 88' lang='lat' dir='ltr'><strong>rarissimo</strong></span> <span class='ocrx_word' id='word_1_110' title='bbox 822 2271 1043 2386; x_wconf 86' lang='lat' dir='ltr'><strong>exemplo,</strong></span> <span class='ocrx_word' id='word_1_111' title='bbox 1072 2271 1303 2386; x_wconf 84' lang='lat' dir='ltr'><strong>Hamburgi</strong></span> <span class='ocrx_word' id='word_1_112' title='bbox 1323 2274 1435 2388; x_wconf 90' lang='lat' dir='ltr'><strong>apud</strong></span> <span class='ocrx_word' id='word_1_113' title='bbox 1450 2295 1726 2359; x_wconf 85' lang='lat' dir='ltr'><strong>mercatorem</strong></span> <span class='ocrx_word' id='word_1_114' title='bbox 1751 2277 1794 2359; x_wconf 82' lang='lat' dir='ltr'><em>K</em></span> <span class='ocrx_word' id='word_1_115' title='bbox 1801 2284 1942 2389; x_wconf 74' lang='lat' dir='ltr'><strong>oanig</strong></span> 
     </span>
     <span class='ocr_line' id='line_1_14' title="bbox 256 2421 1939 2542; baseline 0.002 -33"><span class='ocrx_word' id='word_1_116' title='bbox 256 2423 532 2511; x_wconf 89' lang='lat' dir='ltr'><strong>Monodontis</strong></span> <span class='ocrx_word' id='word_1_117' title='bbox 560 2423 747 2508; x_wconf 87' lang='lat' dir='ltr'><strong>sceleton</strong></span> <span class='ocrx_word' id='word_1_118' title='bbox 776 2425 905 2509; x_wconf 88' lang='lat' dir='ltr'><strong>dente</strong></span> <span class='ocrx_word' id='word_1_119' title='bbox 935 2421 1106 2535; x_wconf 82' lang='lat' dir='ltr'><strong>gemino</strong></span> <span class='ocrx_word' id='word_1_120' title='bbox 1133 2422 1406 2522; x_wconf 90' lang='lat' dir='ltr'><strong>instructum,</strong></span> <span class='ocrx_word' id='word_1_121' title='bbox 1435 2425 1549 2538; x_wconf 92' lang='lat' dir='ltr'><strong>quod</strong></span> <span class='ocrx_word' id='word_1_122' title='bbox 1569 2455 1648 2539; x_wconf 90' lang='lat' dir='ltr'><strong>pro</strong></span> <span class='ocrx_word' id='word_1_123' title='bbox 1668 2454 1823 2542; x_wconf 80' lang='lat' dir='ltr'><strong>magna</strong></span> <span class='ocrx_word' id='word_1_124' title='bbox 1845 2426 1939 2514; x_wconf 89' lang='lat' dir='ltr'><strong>olim</strong></span> 
     </span>
     <span class='ocr_line' id='line_1_15' title="bbox 254 2572 1937 2693; baseline 0.003 -33"><span class='ocrx_word' id='word_1_125' title='bbox 254 2573 462 2693; x_wconf 86' lang='lat' dir='ltr'><strong>pecuniae</strong></span> <span class='ocrx_word' id='word_1_126' title='bbox 492 2606 651 2660; x_wconf 86' lang='lat' dir='ltr'><strong>summa</strong></span> <span class='ocrx_word' id='word_1_127' title='bbox 679 2576 743 2661; x_wconf 87' lang='lat' dir='ltr'><strong>ibi</strong></span> <span class='ocrx_word' id='word_1_128' title='bbox 772 2573 1012 2690; x_wconf 89' lang='lat' dir='ltr'><strong>depositum</strong></span> <span class='ocrx_word' id='word_1_129' title='bbox 1039 2572 1134 2661; x_wconf 84' lang='lat' dir='ltr'><strong>fuit.</strong></span> <span class='ocrx_word' id='word_1_130' title='bbox 1192 2581 1241 2659; x_wconf 90' lang='lat' dir='ltr'><strong>ln</strong></span> <span class='ocrx_word' id='word_1_131' title='bbox 1271 2573 1355 2663; x_wconf 81' lang='lat' dir='ltr'><strong>alio</strong></span> <span class='ocrx_word' id='word_1_132' title='bbox 1384 2576 1571 2681; x_wconf 85' lang='lat' dir='ltr'><strong>Scelet0,</strong></span> <span class='ocrx_word' id='word_1_133' title='bbox 1613 2579 1730 2691; x_wconf 89' lang='lat' dir='ltr'><strong>qnod</strong></span> <span class='ocrx_word' id='word_1_134' title='bbox 1757 2582 1937 2665; x_wconf 75' lang='lat' dir='ltr'><strong>Murcum</strong></span> 
     </span>
    </p>
   </div>
   <div class='ocr_carea' id='block_1_4' title="bbox 251 2723 1970 3891">
    <p class='ocr_par' dir='ltr' id='par_1_5' title="bbox 251 2723 1970 3891">
     <span class='ocr_line' id='line_1_16' title="bbox 257 2723 1970 2848; baseline 0.001 -35"><span class='ocrx_word' id='word_1_135' title='bbox 257 2730 539 2814; x_wconf 79' lang='lat' dir='ltr'><strong>Britannicum</strong></span> <span class='ocrx_word' id='word_1_136' title='bbox 566 2723 719 2832; x_wconf 88' lang='lat' dir='ltr'><strong>habet,</strong></span> <span class='ocrx_word' id='word_1_137' title='bbox 762 2725 1153 2842; x_wconf 86' lang='lat' dir='ltr'><strong>duodecimpedali,</strong></span> <span class='ocrx_word' id='word_1_138' title='bbox 1196 2729 1370 2812; x_wconf 87' lang='lat' dir='ltr'><strong>dentem</strong></span> <span class='ocrx_word' id='word_1_139' title='bbox 1397 2727 1570 2813; x_wconf 90' lang='lat' dir='ltr'><strong>unicum</strong></span> <span class='ocrx_word' id='word_1_140' title='bbox 1595 2729 1937 2848; x_wconf 87' lang='lat' dir='ltr'><strong>quadripedalem</strong></span> <span class='ocrx_word' id='word_1_141' title='bbox 1966 2798 1970 2805; x_wconf 92' lang='lat'>.</span> 
     </span>
     <span class='ocr_line' id='line_1_17' title="bbox 253 2879 1938 2994; baseline 0.001 -28"><span class='ocrx_word' id='word_1_142' title='bbox 253 2879 301 2966; x_wconf 91' lang='lat' dir='ltr'><strong>in</strong></span> <span class='ocrx_word' id='word_1_143' title='bbox 329 2883 481 2965; x_wconf 87' lang='lat' dir='ltr'><strong>dextro</strong></span> <span class='ocrx_word' id='word_1_144' title='bbox 511 2881 698 2980; x_wconf 87' lang='lat' dir='ltr'><strong>alveolo,</strong></span> <span class='ocrx_word' id='word_1_145' title='bbox 727 2879 908 2964; x_wconf 85' lang='lat' dir='ltr'><strong>alterurn</strong></span> <span class='ocrx_word' id='word_1_146' title='bbox 936 2880 1148 2966; x_wconf 87' lang='lat' dir='ltr'><strong>alveolum</strong></span> <span class='ocrx_word' id='word_1_147' title='bbox 1174 2879 1299 2994; x_wconf 86' lang='lat' dir='ltr'><strong>plane</strong></span> <span class='ocrx_word' id='word_1_148' title='bbox 1328 2879 1620 2971; x_wconf 89' lang='lat' dir='ltr'><strong>oblitteratum</strong></span> <span class='ocrx_word' id='word_1_149' title='bbox 1648 2881 1754 2967; x_wconf 85' lang='lat' dir='ltr'><strong>vidi.</strong></span> <span class='ocrx_word' id='word_1_150' title='bbox 1813 2888 1862 2967; x_wconf 93' lang='lat' dir='ltr'><strong>In</strong></span> <span class='ocrx_word' id='word_1_151' title='bbox 1888 2880 1938 2967; x_wconf 82' lang='lat' dir='ltr'><strong>al-</strong></span> 
     </span>
     <span class='ocr_line' id='line_1_18' title="bbox 254 3030 1939 3150; baseline -0.001 -31"><span class='ocrx_word' id='word_1_152' title='bbox 254 3032 379 3119; x_wconf 83' lang='lat' dir='ltr'><strong>veolo</strong></span> <span class='ocrx_word' id='word_1_153' title='bbox 407 3030 570 3116; x_wconf 91' lang='lat' dir='ltr'><strong>mutico</strong></span> <span class='ocrx_word' id='word_1_154' title='bbox 596 3055 739 3117; x_wconf 88' lang='lat' dir='ltr'><strong>tamen</strong></span> <span class='ocrx_word' id='word_1_155' title='bbox 768 3035 940 3117; x_wconf 88' lang='lat' dir='ltr'><strong>dentem</strong></span> <span class='ocrx_word' id='word_1_156' title='bbox 968 3034 1190 3146; x_wconf 87' lang='lat' dir='ltr'><strong>parvulum</strong></span> <span class='ocrx_word' id='word_1_157' title='bbox 1212 3030 1416 3117; x_wconf 85' lang='lat' dir='ltr'><strong>latentem</strong></span> <span class='ocrx_word' id='word_1_158' title='bbox 1438 3062 1463 3117; x_wconf 92' lang='lat' dir='ltr'><strong>e</strong></span> <span class='ocrx_word' id='word_1_159' title='bbox 1486 3040 1633 3120; x_wconf 84' lang='lat' dir='ltr'><strong>Museo</strong></span> <span class='ocrx_word' id='word_1_160' title='bbox 1649 3035 1939 3150; x_wconf 82' lang='lat' dir='ltr'><strong>Stutgardiano</strong></span> 
     </span>
     <span class='ocr_line' id='line_1_19' title="bbox 252 3183 1939 3305; baseline 0.001 -36"><span class='ocrx_word' id='word_1_161' title='bbox 252 3206 459 3270; x_wconf 89' lang='lat' dir='ltr'><strong>memorat</strong></span> <span class='ocrx_word' id='word_1_162' title='bbox 486 3187 751 3270; x_wconf 79' lang='lat' dir='ltr'><strong>Reisels&#39;ns</strong></span> <span class='ocrx_word' id='word_1_163' title='bbox 778 3183 824 3267; x_wconf 91' lang='lat' dir='ltr'><strong>in</strong></span> <span class='ocrx_word' id='word_1_164' title='bbox 851 3187 1029 3270; x_wconf 82' lang='lat' dir='ltr'><strong>Miscell.</strong></span> <span class='ocrx_word' id='word_1_165' title='bbox 1057 3185 1156 3268; x_wconf 87' lang='lat' dir='ltr'><strong>Not.</strong></span> <span class='ocrx_word' id='word_1_166' title='bbox 1186 3187 1283 3269; x_wconf 80' lang='lat' dir='ltr'><strong>Cur.</strong></span> <span class='ocrx_word' id='word_1_167' title='bbox 1313 3185 1415 3269; x_wconf 89' lang='lat' dir='ltr'><strong>Dec.</strong></span> <span class='ocrx_word' id='word_1_168' title='bbox 1443 3188 1522 3268; x_wconf 81' lang='grc' dir='ltr'><strong><em>ΙΙΙ.</em></strong></span> <span class='ocrx_word' id='word_1_169' title='bbox 1549 3218 1617 3271; x_wconf 80' lang='lat' dir='ltr'><strong>on.</strong></span> <span class='ocrx_word' id='word_1_170' title='bbox 1645 3222 1686 3297; x_wconf 82' lang='lat'><strong>7.</strong></span> <span class='ocrx_word' id='word_1_171' title='bbox 1716 3201 1757 3275; x_wconf 86' lang='grc'><strong>8.</strong></span> <span class='ocrx_word' id='word_1_172' title='bbox 1788 3223 1830 3305; x_wconf 84' lang='lat' dir='ltr'><strong>p.</strong></span> <span class='ocrx_word' id='word_1_173' title='bbox 1853 3202 1939 3275; x_wconf 82' lang='lat'><strong>350.</strong></span> 
     </span>
     <span class='ocr_line' id='line_1_20' title="bbox 252 3335 1942 3456; baseline 0.001 -35"><span class='ocrx_word' id='word_1_174' title='bbox 252 3339 323 3421; x_wconf 88' lang='lat' dir='ltr'><strong>An</strong></span> <span class='ocrx_word' id='word_1_175' title='bbox 349 3338 497 3421; x_wconf 89' lang='lat' dir='ltr'><strong>dentes</strong></span> <span class='ocrx_word' id='word_1_176' title='bbox 524 3367 601 3452; x_wconf 91' lang='lat' dir='ltr'><strong>per</strong></span> <span class='ocrx_word' id='word_1_177' title='bbox 629 3357 810 3421; x_wconf 87' lang='lat' dir='ltr'><strong>aetatem</strong></span> <span class='ocrx_word' id='word_1_178' title='bbox 840 3357 1004 3421; x_wconf 88' lang='lat' dir='ltr'><strong>mutent</strong></span> <span class='ocrx_word' id='word_1_179' title='bbox 1033 3335 1369 3422; x_wconf 77' lang='lat' dir='ltr'><strong>Ceratodontes?</strong></span> <span class='ocrx_word' id='word_1_180' title='bbox 1399 3337 1468 3421; x_wconf 88' lang='lat' dir='ltr'><strong>vel</strong></span> <span class='ocrx_word' id='word_1_181' title='bbox 1496 3340 1695 3454; x_wconf 87' lang='lat' dir='ltr'><strong>abruptos</strong></span> <span class='ocrx_word' id='word_1_182' title='bbox 1719 3339 1839 3426; x_wconf 89' lang='lat' dir='ltr'><strong>inter</strong></span> <span class='ocrx_word' id='word_1_183' title='bbox 1865 3340 1942 3456; x_wconf 79' lang='lat' dir='ltr'><strong>gla-</strong></span> 
     </span>
     <span class='ocr_line' id='line_1_21' title="bbox 251 3486 1946 3604; baseline 0.001 -29"><span class='ocrx_word' id='word_1_184' title='bbox 251 3488 365 3575; x_wconf 88' lang='lat' dir='ltr'><strong>ciem</strong></span> <span class='ocrx_word' id='word_1_185' title='bbox 391 3487 607 3572; x_wconf 80' lang='lat' dir='ltr'><strong>reficiantt</strong></span> <span class='ocrx_word' id='word_1_186' title='bbox 635 3519 720 3572; x_wconf 92' lang='lat' dir='ltr'><strong>non</strong></span> <span class='ocrx_word' id='word_1_187' title='bbox 747 3486 897 3601; x_wconf 83' lang='lat' dir='ltr'><strong>liquet.</strong></span> <span class='ocrx_word' id='word_1_188' title='bbox 953 3488 1079 3572; x_wconf 89' lang='lat' dir='ltr'><strong>Tales</strong></span> <span class='ocrx_word' id='word_1_189' title='bbox 1108 3487 1306 3601; x_wconf 83' lang='lat' dir='ltr'><strong>abruptos</strong></span> <span class='ocrx_word' id='word_1_190' title='bbox 1334 3487 1483 3572; x_wconf 88' lang='lat' dir='ltr'><strong>dentes</strong></span> <span class='ocrx_word' id='word_1_191' title='bbox 1507 3519 1609 3575; x_wconf 85' lang='lat' dir='ltr'><strong>cunr</strong></span> <span class='ocrx_word' id='word_1_192' title='bbox 1637 3489 1776 3604; x_wconf 84' lang='lat' dir='ltr'><strong>glacie</strong></span> <span class='ocrx_word' id='word_1_193' title='bbox 1803 3489 1851 3576; x_wconf 92' lang='lat' dir='ltr'><strong>in</strong></span> <span class='ocrx_word' id='word_1_194' title='bbox 1882 3489 1946 3576; x_wconf 89' lang='lat' dir='ltr'><strong>lit·</strong></span> 
     </span>
     <span class='ocr_line' id='line_1_22' title="bbox 252 3637 1947 3729; baseline 0.003 -5"><span class='ocrx_word' id='word_1_195' title='bbox 252 3662 345 3725; x_wconf 90' lang='lat' dir='ltr'><strong>tora</strong></span> <span class='ocrx_word' id='word_1_196' title='bbox 373 3661 417 3722; x_wconf 89' lang='lat' dir='ltr'><strong>et</strong></span> <span class='ocrx_word' id='word_1_197' title='bbox 444 3658 574 3721; x_wconf 90' lang='lat' dir='ltr'><strong>terras</strong></span> <span class='ocrx_word' id='word_1_198' title='bbox 602 3637 758 3723; x_wconf 86' lang='lat' dir='ltr'><strong>deferri</strong></span> <span class='ocrx_word' id='word_1_199' title='bbox 787 3639 1030 3724; x_wconf 86' lang='lat' dir='ltr'><strong>verosimile</strong></span> <span class='ocrx_word' id='word_1_200' title='bbox 1058 3662 1134 3724; x_wconf 83' lang='lat' dir='ltr'><strong>est.</strong></span> <span class='ocrx_word' id='word_1_201' title='bbox 1148 3688 1205 3706; x_wconf 91' lang='lat'><strong>·-·</strong></span> <span class='ocrx_word' id='word_1_202' title='bbox 1232 3641 1437 3724; x_wconf 70' lang='lat' dir='ltr'><strong>Maniliae</strong></span> <span class='ocrx_word' id='word_1_203' title='bbox 1464 3662 1651 3726; x_wconf 89' lang='lat' dir='ltr'><strong>ceterum</strong></span> <span class='ocrx_word' id='word_1_204' title='bbox 1672 3642 1856 3729; x_wconf 89' lang='lat' dir='ltr'><strong>omnino</strong></span> <span class='ocrx_word' id='word_1_205' title='bbox 1882 3641 1947 3728; x_wconf 82' lang='lat' dir='ltr'><strong>his</strong></span> 
     </span>
     <span class='ocr_line' id='line_1_23' title="bbox 256 3786 1948 3891; baseline 0.002 -14"><span class='ocrx_word' id='word_1_206' title='bbox 256 3786 451 3877; x_wconf 84' lang='lat' dir='ltr'><strong>Cataceis</strong></span> <span class='ocrx_word' id='word_1_207' title='bbox 481 3789 725 3891; x_wconf 89' lang='lat' dir='ltr'><strong>edentulee;</strong></span> <span class='ocrx_word' id='word_1_208' title='bbox 765 3811 903 3876; x_wconf 84' lang='lat' dir='ltr'><strong>costae</strong></span> <span class='ocrx_word' id='word_1_209' title='bbox 939 3790 986 3876; x_wconf 90' lang='lat' dir='ltr'><strong>in</strong></span> <span class='ocrx_word' id='word_1_210' title='bbox 1014 3791 1172 3876; x_wconf 88' lang='lat' dir='ltr'><strong>sceleto</strong></span> <span class='ocrx_word' id='word_1_211' title='bbox 1206 3824 1268 3873; x_wconf 81' lang='lat' dir='ltr'><strong>ra.</strong></span> <span class='ocrx_word' id='word_1_212' title='bbox 1296 3790 1503 3877; x_wconf 80' lang='lat' dir='ltr'><strong>vertebrae</strong></span> <span class='ocrx_word' id='word_1_213' title='bbox 1530 3790 1635 3878; x_wconf 91' lang='lat' dir='ltr'><strong>oolli</strong></span> <span class='ocrx_word' id='word_1_214' title='bbox 1664 3806 1704 3880; x_wconf 80' lang='lat'><strong>3.</strong></span> <span class='ocrx_word' id='word_1_215' title='bbox 1735 3795 1856 3881; x_wconf 89' lang='lat' dir='ltr'><strong>dorsi</strong></span> <span class='ocrx_word' id='word_1_216' title='bbox 1890 3828 1948 3881; x_wconf 81' lang='lat' dir='ltr'><strong>rr.</strong></span> 
     </span>
    </p>
   </div>
   <div class='ocr_carea' id='block_1_5' title="bbox 252 3940 1953 4213">
    <p class='ocr_par' dir='ltr' id='par_1_6' title="bbox 252 3940 1953 4213">
     <span class='ocr_line' id='line_1_24' title="bbox 254 3940 1953 4058; baseline 0.007 -31"><span class='ocrx_word' id='word_1_217' title='bbox 254 3940 467 4027; x_wconf 86' lang='lat' dir='ltr'><strong>lumbares</strong></span> <span class='ocrx_word' id='word_1_218' title='bbox 480 3942 723 4027; x_wconf 86' lang='lat' dir='ltr'><strong>transversis</strong></span> <span class='ocrx_word' id='word_1_219' title='bbox 735 3943 999 4058; x_wconf 88' lang='lat' dir='ltr'><strong>processibus</strong></span> <span class='ocrx_word' id='word_1_220' title='bbox 1021 3942 1250 4030; x_wconf 83' lang='lat' dir='ltr'><strong>instructae</strong></span> <span class='ocrx_word' id='word_1_221' title='bbox 1280 3977 1340 4055; x_wconf 80' lang='lat'><strong>¹7·</strong></span> <span class='ocrx_word' id='word_1_222' title='bbox 1368 3945 1565 4033; x_wconf 81' lang='lat' dir='ltr'><strong>candales</strong></span> <span class='ocrx_word' id='word_1_223' title='bbox 1586 3941 1896 4037; x_wconf 76' lang='lat' dir='ltr'><strong>trochilormes</strong></span> <span class='ocrx_word' id='word_1_224' title='bbox 1914 3960 1953 4039; x_wconf 77' lang='lat' dir='ltr'><strong>d·</strong></span> 
     </span>
     <span class='ocr_line' id='line_1_25' title="bbox 252 4091 870 4213; baseline -0.002 -34"><span class='ocrx_word' id='word_1_225' title='bbox 252 4097 455 4210; x_wconf 75' lang='lat' dir='ltr'><strong>Scapulae</strong></span> <span class='ocrx_word' id='word_1_226' title='bbox 481 4091 602 4179; x_wconf 88' lang='lat' dir='ltr'><strong>utin</strong></span> <span class='ocrx_word' id='word_1_227' title='bbox 630 4093 870 4213; x_wconf 87' lang='lat' dir='ltr'><strong>Delphino.</strong></span> 
     </span>
    </p>
   </div>
   <div class='ocr_carea' id='block_1_6' title="bbox 701 4418 1493 4539">
    <p class='ocr_par' dir='ltr' id='par_1_7' title="bbox 701 4418 1493 4539">
     <span class='ocr_line' id='line_1_26' title="bbox 701 4418 1493 4539; baseline 0.004 -31"><span class='ocrx_word' id='word_1_228' title='bbox 701 4418 853 4539; x_wconf 21' lang='lat' dir='ltr'><strong>Fini-s</strong></span> <span class='ocrx_word' id='word_1_229' title='bbox 900 4422 1101 4513; x_wconf 81' lang='lat' dir='ltr'><strong>Classis</strong></span> <span class='ocrx_word' id='word_1_230' title='bbox 1143 4422 1493 4514; x_wconf 62' lang='lat' dir='ltr'><strong>Lactantiurn.</strong></span> 
     </span>
    </p>
   </div>
   <div class='ocr_carea' id='block_1_7' title="bbox 0 0 2210 5910">
    <p class='ocr_par' dir='ltr' id='par_1_8' title="bbox 0 0 2210 5910">
     <span class='ocr_line' id='line_1_27' title="bbox 0 0 2210 5910; baseline 0 0"><span class='ocrx_word' id='word_1_231' title='bbox 0 0 2210 5910; x_wconf 95' lang='lat' dir='ltr'><strong> </strong></span> 
     </span>
    </p>
   </div>
  </div>
 </body>
</html>
