<?xml version="1.0" encoding="UTF-8"?>
<!DOCTYPE html PUBLIC "-//W3C//DTD XHTML 1.0 Transitional//EN"
    "http://www.w3.org/TR/xhtml1/DTD/xhtml1-transitional.dtd">
<html xmlns="http://www.w3.org/1999/xhtml" xml:lang="en" lang="en">
 <head>
  <title>
</title>
<meta http-equiv="Content-Type" content="text/html;charset=utf-8" />
  <meta name='ocr-system' content='tesseract 3.04.00' />
  <meta name='ocr-capabilities' content='ocr_page ocr_carea ocr_par ocr_line ocrx_word'/>
</head>
<body>
  <div class='ocr_page' id='page_1' title='image "./zoographiarosso01pallgoog_0343.png"; bbox 0 0 4410 5910; ppageno 0'>
   <div class='ocr_carea' id='block_1_1' title="bbox 279 467 1195 560">
    <p class='ocr_par' dir='ltr' id='par_1_1' title="bbox 279 467 1195 560">
     <span class='ocr_line' id='line_1_1' title="bbox 279 467 1195 560; baseline -0.011 0"><span class='ocrx_word' id='word_1_1' title='bbox 279 467 370 560; x_wconf 76' lang='lat'><strong>298</strong></span> <span class='ocrx_word' id='word_1_2' title='bbox 1037 478 1195 531; x_wconf 57' lang='grc' dir='ltr'>Ἐ</span> 
     </span>
    </p>
   </div>
   <div class='ocr_carea' id='block_1_2' title="bbox 273 663 1961 947">
    <p class='ocr_par' dir='ltr' id='par_1_2' title="bbox 273 663 1961 947">
     <span class='ocr_line' id='line_1_2' title="bbox 274 663 1961 790; baseline -0.008 -24"><span class='ocrx_word' id='word_1_3' title='bbox 274 679 439 782; x_wconf 88' lang='lat' dir='ltr'><strong>licitur,</strong></span> <span class='ocrx_word' id='word_1_4' title='bbox 482 702 561 761; x_wconf 89' lang='lat' dir='ltr'><strong>nec</strong></span> <span class='ocrx_word' id='word_1_5' title='bbox 588 697 732 759; x_wconf 88' lang='lat' dir='ltr'><strong>tamen</strong></span> <span class='ocrx_word' id='word_1_6' title='bbox 761 676 872 790; x_wconf 88' lang='lat' dir='ltr'><strong>apud</strong></span> <span class='ocrx_word' id='word_1_7' title='bbox 900 701 976 757; x_wconf 88' lang='lat' dir='ltr'><strong>nos</strong></span> <span class='ocrx_word' id='word_1_8' title='bbox 1011 694 1204 786; x_wconf 87' lang='lat' dir='ltr'><strong>generat,</strong></span> <span class='ocrx_word' id='word_1_9' title='bbox 1244 669 1320 754; x_wconf 87' lang='lat' dir='ltr'><strong>sed</strong></span> <span class='ocrx_word' id='word_1_10' title='bbox 1349 670 1402 752; x_wconf 91' lang='lat' dir='ltr'><strong>ad</strong></span> <span class='ocrx_word' id='word_1_11' title='bbox 1443 690 1646 755; x_wconf 81' lang='lat' dir='ltr'><strong>aestatem</strong></span> <span class='ocrx_word' id='word_1_12' title='bbox 1687 663 1961 756; x_wconf 75' lang='lat' dir='ltr'><strong>antarcticum</strong></span> 
     </span>
     <span class='ocr_line' id='line_1_3' title="bbox 273 823 1136 947; baseline -0.01 -33"><span class='ocrx_word' id='word_1_13' title='bbox 273 826 541 947; x_wconf 86' lang='lat' dir='ltr'><strong>prolificandi</strong></span> <span class='ocrx_word' id='word_1_14' title='bbox 569 825 705 938; x_wconf 86' lang='lat' dir='ltr'><strong>gratia</strong></span> <span class='ocrx_word' id='word_1_15' title='bbox 731 824 835 909; x_wconf 88' lang='lat' dir='ltr'><strong>illuc</strong></span> <span class='ocrx_word' id='word_1_16' title='bbox 864 827 1003 910; x_wconf 90' lang='lat' dir='ltr'><strong>denuo</strong></span> <span class='ocrx_word' id='word_1_17' title='bbox 1033 823 1136 908; x_wconf 91' lang='lat' dir='ltr'><strong>abit.</strong></span> 
     </span>
    </p>
   </div>
   <div class='ocr_carea' id='block_1_3' title="bbox 271 1044 1959 1766">
    <p class='ocr_par' dir='ltr' id='par_1_3' title="bbox 271 1044 1959 1766">
     <span class='ocr_line' id='line_1_4' title="bbox 382 1044 1958 1161; baseline -0.004 -26"><span class='ocrx_word' id='word_1_18' title='bbox 382 1058 447 1135; x_wconf 88' lang='lat' dir='ltr'><strong>.E</strong></span> <span class='ocrx_word' id='word_1_19' title='bbox 472 1048 739 1135; x_wconf 83' lang='lat' dir='ltr'><strong>terrestribus</strong></span> <span class='ocrx_word' id='word_1_20' title='bbox 779 1049 972 1134; x_wconf 88' lang='lat' dir='ltr'><strong>boreales</strong></span> <span class='ocrx_word' id='word_1_21' title='bbox 1012 1069 1171 1132; x_wconf 88' lang='lat' dir='ltr'><strong>nostras</strong></span> <span class='ocrx_word' id='word_1_22' title='bbox 1205 1044 1380 1161; x_wconf 89' lang='lat' dir='ltr'><strong>hyemes</strong></span> <span class='ocrx_word' id='word_1_23' title='bbox 1408 1056 1572 1131; x_wconf 89' lang='lat' dir='ltr'><strong>tantum</strong></span> <span class='ocrx_word' id='word_1_24' title='bbox 1599 1046 1819 1161; x_wconf 83' lang='lat' dir='ltr'><strong>perferunt</strong></span> <span class='ocrx_word' id='word_1_25' title='bbox 1846 1047 1958 1158; x_wconf 86' lang='lat' dir='ltr'><strong>Stry·</strong></span> 
     </span>
     <span class='ocr_line' id='line_1_5' title="bbox 272 1195 1959 1316; baseline -0.005 -30"><span class='ocrx_word' id='word_1_26' title='bbox 272 1231 345 1316; x_wconf 82' lang='lat' dir='ltr'><strong>ges</strong></span> <span class='ocrx_word' id='word_1_27' title='bbox 374 1199 560 1316; x_wconf 86' lang='lat' dir='ltr'><strong>aliquae,</strong></span> <span class='ocrx_word' id='word_1_28' title='bbox 590 1230 707 1285; x_wconf 89' lang='lat' dir='ltr'><strong>rarae</strong></span> <span class='ocrx_word' id='word_1_29' title='bbox 736 1198 940 1312; x_wconf 83' lang='lat' dir='ltr'><strong>Aquilae,</strong></span> <span class='ocrx_word' id='word_1_30' title='bbox 984 1199 1135 1314; x_wconf 93' lang='lat' dir='ltr'><strong>quibus</strong></span> <span class='ocrx_word' id='word_1_31' title='bbox 1162 1200 1364 1312; x_wconf 90' lang='lat' dir='ltr'><strong>pabulum</strong></span> <span class='ocrx_word' id='word_1_32' title='bbox 1404 1229 1428 1282; x_wconf 90' lang='lat' dir='ltr'><strong>e</strong></span> <span class='ocrx_word' id='word_1_33' title='bbox 1470 1199 1790 1313; x_wconf 89' lang='lat' dir='ltr'><strong>quadrupedum</strong></span> <span class='ocrx_word' id='word_1_34' title='bbox 1830 1195 1959 1279; x_wconf 88' lang='lat' dir='ltr'><strong>classe</strong></span> 
     </span>
     <span class='ocr_line' id='line_1_6' title="bbox 272 1342 1959 1454; baseline -0.005 -15"><span class='ocrx_word' id='word_1_35' title='bbox 272 1383 359 1439; x_wconf 91' lang='lat' dir='ltr'><strong>non</strong></span> <span class='ocrx_word' id='word_1_36' title='bbox 389 1351 550 1454; x_wconf 88' lang='lat' dir='ltr'><strong>deficit,</strong></span> <span class='ocrx_word' id='word_1_37' title='bbox 581 1342 803 1452; x_wconf 85' lang='lat' dir='ltr'><strong>Cornices,</strong></span> <span class='ocrx_word' id='word_1_38' title='bbox 834 1351 1111 1450; x_wconf 89' lang='lat' dir='ltr'><strong>Monedulae,</strong></span> <span class='ocrx_word' id='word_1_39' title='bbox 1141 1348 1388 1452; x_wconf 91' lang='lat' dir='ltr'><strong>Glandaria,</strong></span> <span class='ocrx_word' id='word_1_40' title='bbox 1427 1349 1604 1450; x_wconf 90' lang='lat' dir='ltr'><strong>Mimus,</strong></span> <span class='ocrx_word' id='word_1_41' title='bbox 1647 1346 1760 1451; x_wconf 86' lang='lat' dir='ltr'><strong>Pici,</strong></span> <span class='ocrx_word' id='word_1_42' title='bbox 1803 1344 1959 1431; x_wconf 82' lang='lat' dir='ltr'><strong>Picafa·</strong></span> 
     </span>
     <span class='ocr_line' id='line_1_7' title="bbox 271 1496 1958 1613; baseline -0.004 -27"><span class='ocrx_word' id='word_1_43' title='bbox 271 1502 357 1604; x_wconf 86' lang='lat' dir='ltr'><strong>ria,</strong></span> <span class='ocrx_word' id='word_1_44' title='bbox 400 1501 559 1588; x_wconf 85' lang='lat' dir='ltr'><strong>Loxiae</strong></span> <span class='ocrx_word' id='word_1_45' title='bbox 603 1523 646 1583; x_wconf 89' lang='lat' dir='ltr'><strong>et</strong></span> <span class='ocrx_word' id='word_1_46' title='bbox 688 1506 875 1584; x_wconf 90' lang='lat' dir='ltr'><strong>Passeres</strong></span> <span class='ocrx_word' id='word_1_47' title='bbox 904 1498 1055 1613; x_wconf 88' lang='lat' dir='ltr'><strong>aliqui,</strong></span> <span class='ocrx_word' id='word_1_48' title='bbox 1099 1497 1211 1584; x_wconf 90' lang='lat' dir='ltr'><strong>circa</strong></span> <span class='ocrx_word' id='word_1_49' title='bbox 1240 1501 1353 1584; x_wconf 88' lang='lat' dir='ltr'><strong>culta</strong></span> <span class='ocrx_word' id='word_1_50' title='bbox 1381 1496 1625 1584; x_wconf 88' lang='lat' dir='ltr'><strong>hominibus</strong></span> <span class='ocrx_word' id='word_1_51' title='bbox 1653 1497 1748 1583; x_wconf 86' lang='lat' dir='ltr'><strong>loca</strong></span> <span class='ocrx_word' id='word_1_52' title='bbox 1776 1499 1892 1583; x_wconf 83' lang='lat' dir='ltr'><strong>furto</strong></span> <span class='ocrx_word' id='word_1_53' title='bbox 1918 1515 1958 1580; x_wconf 86' lang='lat' dir='ltr'><strong>et</strong></span> 
     </span>
     <span class='ocr_line' id='line_1_8' title="bbox 271 1648 1957 1766; baseline -0.001 -32"><span class='ocrx_word' id='word_1_54' title='bbox 271 1649 513 1766; x_wconf 89' lang='lat' dir='ltr'><strong>quisquiliis</strong></span> <span class='ocrx_word' id='word_1_55' title='bbox 542 1649 755 1748; x_wconf 86' lang='lat' dir='ltr'><strong>viventes,</strong></span> <span class='ocrx_word' id='word_1_56' title='bbox 794 1654 1026 1734; x_wconf 87' lang='lat' dir='ltr'><strong>Tetraones</strong></span> <span class='ocrx_word' id='word_1_57' title='bbox 1068 1650 1176 1734; x_wconf 87' lang='lat' dir='ltr'><strong>varii</strong></span> <span class='ocrx_word' id='word_1_58' title='bbox 1210 1651 1361 1763; x_wconf 91' lang='lat' dir='ltr'><strong>quibus</strong></span> <span class='ocrx_word' id='word_1_59' title='bbox 1400 1672 1542 1765; x_wconf 88' lang='lat' dir='ltr'><strong>parata</strong></span> <span class='ocrx_word' id='word_1_60' title='bbox 1570 1648 1688 1734; x_wconf 89' lang='lat' dir='ltr'><strong>omni</strong></span> <span class='ocrx_word' id='word_1_61' title='bbox 1712 1671 1957 1764; x_wconf 76' lang='lat' dir='ltr'><strong>tempores</strong></span> 
     </span>
    </p>
   </div>
   <div class='ocr_carea' id='block_1_4' title="bbox 269 1796 1960 2209">
    <p class='ocr_par' dir='ltr' id='par_1_4' title="bbox 269 1796 1960 2209">
     <span class='ocr_line' id='line_1_9' title="bbox 269 1796 1957 1931; baseline -0.003 -44"><span class='ocrx_word' id='word_1_62' title='bbox 269 1799 413 1887; x_wconf 89' lang='lat' dir='ltr'><strong>baccis</strong></span> <span class='ocrx_word' id='word_1_63' title='bbox 454 1799 768 1931; x_wconf 72' lang='lat' dir='ltr'><strong>seminibusque</strong></span> <span class='ocrx_word' id='word_1_64' title='bbox 811 1800 1071 1913; x_wconf 86' lang='lat' dir='ltr'><strong>plantarum,</strong></span> <span class='ocrx_word' id='word_1_65' title='bbox 1113 1799 1211 1913; x_wconf 92' lang='lat' dir='ltr'><strong>julis</strong></span> <span class='ocrx_word' id='word_1_66' title='bbox 1252 1823 1296 1886; x_wconf 90' lang='lat' dir='ltr'><strong>et</strong></span> <span class='ocrx_word' id='word_1_67' title='bbox 1338 1799 1517 1915; x_wconf 83' lang='lat' dir='ltr'><strong>gemmis</strong></span> <span class='ocrx_word' id='word_1_68' title='bbox 1557 1803 1752 1886; x_wconf 87' lang='lat' dir='ltr'><strong>arborum</strong></span> <span class='ocrx_word' id='word_1_69' title='bbox 1791 1796 1957 1914; x_wconf 82' lang='lat' dir='ltr'><strong>pabula,</strong></span> 
     </span>
     <span class='ocr_line' id='line_1_10' title="bbox 269 1939 1959 2054; baseline -0.014 -18"><span class='ocrx_word' id='word_1_70' title='bbox 269 1971 316 2036; x_wconf 90' lang='lat' dir='ltr'><strong>et</strong></span> <span class='ocrx_word' id='word_1_71' title='bbox 344 1949 517 2037; x_wconf 88' lang='lat' dir='ltr'><strong>Cinclus</strong></span> <span class='ocrx_word' id='word_1_72' title='bbox 545 1946 658 2032; x_wconf 87' lang='lat' dir='ltr'><strong>circa</strong></span> <span class='ocrx_word' id='word_1_73' title='bbox 687 1939 1009 2054; x_wconf 84' lang='lat' dir='ltr'><strong>scaturiginosos</strong></span> <span class='ocrx_word' id='word_1_74' title='bbox 1035 1964 1263 2042; x_wconf 85' lang='lat' dir='ltr'><strong>torrentes,</strong></span> <span class='ocrx_word' id='word_1_75' title='bbox 1306 1953 1353 2026; x_wconf 87' lang='lat' dir='ltr'><strong>in</strong></span> <span class='ocrx_word' id='word_1_76' title='bbox 1388 1951 1540 2051; x_wconf 75' lang='lat' dir='ltr'><strong>quibua</strong></span> <span class='ocrx_word' id='word_1_77' title='bbox 1568 1948 1724 2050; x_wconf 68' lang='lat' dir='ltr'><strong>glacies</strong></span> <span class='ocrx_word' id='word_1_78' title='bbox 1750 1979 1838 2034; x_wconf 75' lang='lat' dir='ltr'><strong>non</strong></span> <span class='ocrx_word' id='word_1_79' title='bbox 1865 1978 1959 2035; x_wconf 67' lang='lat'><strong>000.</strong></span> 
     </span>
     <span class='ocr_line' id='line_1_11' title="bbox 271 2088 1960 2209; baseline -0.008 -23"><span class='ocrx_word' id='word_1_80' title='bbox 271 2099 406 2201; x_wconf 81' lang='lat' dir='ltr'><strong>sistit,</strong></span> <span class='ocrx_word' id='word_1_81' title='bbox 447 2098 579 2184; x_wconf 80' lang='lat' dir='ltr'><strong>etiarn</strong></span> <span class='ocrx_word' id='word_1_82' title='bbox 607 2094 765 2209; x_wconf 89' lang='lat' dir='ltr'><strong>hyeme</strong></span> <span class='ocrx_word' id='word_1_83' title='bbox 793 2090 1031 2176; x_wconf 89' lang='lat' dir='ltr'><strong>contillans.</strong></span> <span class='ocrx_word' id='word_1_84' title='bbox 1097 2098 1181 2174; x_wconf 89' lang='lat' dir='ltr'><strong>Has</strong></span> <span class='ocrx_word' id='word_1_85' title='bbox 1216 2088 1347 2202; x_wconf 87' lang='lat' dir='ltr'><strong>igitur</strong></span> <span class='ocrx_word' id='word_1_86' title='bbox 1388 2088 1510 2171; x_wconf 89' lang='lat' dir='ltr'><strong>alites</strong></span> <span class='ocrx_word' id='word_1_87' title='bbox 1529 2114 1535 2121; x_wconf 87' lang='lat'><em>·</em></span> <span class='ocrx_word' id='word_1_88' title='bbox 1553 2093 1642 2199; x_wconf 90' lang='lat' dir='ltr'><strong>jure</strong></span> <span class='ocrx_word' id='word_1_89' title='bbox 1683 2104 1960 2201; x_wconf 61' lang='lat' dir='ltr'><strong>permanentes</strong></span> 
     </span>
    </p>
   </div>
   <div class='ocr_carea' id='block_1_5' title="bbox 270 2234 1960 2367">
    <p class='ocr_par' dir='ltr' id='par_1_5' title="bbox 270 2234 1960 2367">
     <span class='ocr_line' id='line_1_12' title="bbox 270 2234 1960 2367; baseline -0.009 -31"><span class='ocrx_word' id='word_1_90' title='bbox 270 2248 576 2367; x_wconf 86' lang='lat' dir='ltr'><strong>appellaveris,</strong></span> <span class='ocrx_word' id='word_1_91' title='bbox 621 2273 797 2360; x_wconf 88' lang='lat' dir='ltr'><strong>quarum</strong></span> <span class='ocrx_word' id='word_1_92' title='bbox 835 2241 965 2326; x_wconf 88' lang='lat' dir='ltr'><strong>etiarn</strong></span> <span class='ocrx_word' id='word_1_93' title='bbox 1001 2242 1227 2358; x_wconf 89' lang='lat' dir='ltr'><strong>pleraeque</strong></span> <span class='ocrx_word' id='word_1_94' title='bbox 1265 2236 1544 2356; x_wconf 86' lang='lat' dir='ltr'><strong>septentrioni</strong></span> <span class='ocrx_word' id='word_1_95' title='bbox 1572 2242 1786 2350; x_wconf 85' lang='lat' dir='ltr'><strong>Europae,</strong></span> <span class='ocrx_word' id='word_1_96' title='bbox 1830 2234 1960 2321; x_wconf 75' lang='lat' dir='ltr'><strong>Asiae</strong></span> 
     </span>
    </p>
   </div>
   <div class='ocr_carea' id='block_1_6' title="bbox 268 2386 1959 2666">
    <p class='ocr_par' dir='ltr' id='par_1_6' title="bbox 268 2386 1959 2666">
     <span class='ocr_line' id='line_1_13' title="bbox 269 2386 1959 2503; baseline -0.007 -18"><span class='ocrx_word' id='word_1_97' title='bbox 269 2421 316 2486; x_wconf 87' lang='lat' dir='ltr'><strong>et</strong></span> <span class='ocrx_word' id='word_1_98' title='bbox 346 2398 448 2484; x_wconf 88' lang='lat' dir='ltr'><strong>novi</strong></span> <span class='ocrx_word' id='word_1_99' title='bbox 487 2395 601 2482; x_wconf 91' lang='lat' dir='ltr'><strong>orbis</strong></span> <span class='ocrx_word' id='word_1_100' title='bbox 635 2415 731 2479; x_wconf 91' lang='lat' dir='ltr'><strong>sunt</strong></span> <span class='ocrx_word' id='word_1_101' title='bbox 765 2421 1027 2488; x_wconf 89' lang='lat' dir='ltr'><strong>communes,</strong></span> <span class='ocrx_word' id='word_1_102' title='bbox 1071 2424 1150 2478; x_wconf 91' lang='lat' dir='ltr'><strong>nec</strong></span> <span class='ocrx_word' id='word_1_103' title='bbox 1191 2393 1237 2476; x_wconf 94' lang='lat' dir='ltr'><strong>in</strong></span> <span class='ocrx_word' id='word_1_104' title='bbox 1279 2390 1437 2477; x_wconf 90' lang='lat' dir='ltr'><strong>calidas</strong></span> <span class='ocrx_word' id='word_1_105' title='bbox 1477 2386 1669 2503; x_wconf 84' lang='lat' dir='ltr'><strong>regiones</strong></span> <span class='ocrx_word' id='word_1_106' title='bbox 1708 2407 1959 2500; x_wconf 68' lang='lat' dir='ltr'><strong>evaganturt</strong></span> 
     </span>
     <span class='ocr_line' id='line_1_14' title="bbox 268 2543 1266 2666; baseline -0.005 -33"><span class='ocrx_word' id='word_1_107' title='bbox 268 2548 458 2666; x_wconf 86' lang='lat' dir='ltr'><strong>reliquae</strong></span> <span class='ocrx_word' id='word_1_108' title='bbox 488 2576 634 2633; x_wconf 91' lang='lat' dir='ltr'><strong>omnes</strong></span> <span class='ocrx_word' id='word_1_109' title='bbox 664 2551 930 2658; x_wconf 75' lang='lat' dir='ltr'><strong>migratoriae</strong></span> <span class='ocrx_word' id='word_1_110' title='bbox 957 2543 1028 2627; x_wconf 89' lang='lat' dir='ltr'><strong>vel</strong></span> <span class='ocrx_word' id='word_1_111' title='bbox 1055 2553 1266 2630; x_wconf 79' lang='lat' dir='ltr'><strong>erraticae.</strong></span> 
     </span>
    </p>
   </div>
   <div class='ocr_carea' id='block_1_7' title="bbox 250 2766 1964 4844">
    <p class='ocr_par' dir='ltr' id='par_1_7' title="bbox 250 2766 1964 4844">
     <span class='ocr_line' id='line_1_15' title="bbox 406 2766 1957 2887; baseline -0.003 -31"><span class='ocrx_word' id='word_1_112' title='bbox 406 2776 677 2886; x_wconf 73' lang='lat' dir='ltr'><strong>Migrotoriae</strong></span> <span class='ocrx_word' id='word_1_113' title='bbox 717 2793 882 2857; x_wconf 90' lang='lat' dir='ltr'><strong>nostrae</strong></span> <span class='ocrx_word' id='word_1_114' title='bbox 926 2799 1042 2874; x_wconf 89' lang='lat' dir='ltr'><strong>aves,</strong></span> <span class='ocrx_word' id='word_1_115' title='bbox 1084 2799 1191 2886; x_wconf 90' lang='lat' dir='ltr'><strong>quae</strong></span> <span class='ocrx_word' id='word_1_116' title='bbox 1231 2767 1386 2884; x_wconf 89' lang='lat' dir='ltr'><strong>passim</strong></span> <span class='ocrx_word' id='word_1_117' title='bbox 1415 2769 1524 2887; x_wconf 83' lang='lat' dir='ltr'><strong>aptis</strong></span> <span class='ocrx_word' id='word_1_118' title='bbox 1551 2767 1657 2857; x_wconf 84' lang='lat' dir='ltr'><strong>locis</strong></span> <span class='ocrx_word' id='word_1_119' title='bbox 1686 2769 1758 2855; x_wconf 82' lang='lat' dir='ltr'><strong>vel</strong></span> <span class='ocrx_word' id='word_1_120' title='bbox 1785 2766 1957 2855; x_wconf 81' lang='lat' dir='ltr'><strong>mitiore</strong></span> 
     </span>
     <span class='ocr_line' id='line_1_16' title="bbox 268 2919 1957 3038; baseline -0.004 -28"><span class='ocrx_word' id='word_1_121' title='bbox 268 2919 427 3038; x_wconf 87' lang='lat' dir='ltr'><strong>hyeme</strong></span> <span class='ocrx_word' id='word_1_122' title='bbox 455 2923 709 3026; x_wconf 89' lang='lat' dir='ltr'><strong>consistunt,</strong></span> <span class='ocrx_word' id='word_1_123' title='bbox 738 2922 784 3006; x_wconf 92' lang='lat' dir='ltr'><strong>in</strong></span> <span class='ocrx_word' id='word_1_124' title='bbox 811 2919 1013 3035; x_wconf 90' lang='lat' dir='ltr'><strong>hybernis</strong></span> <span class='ocrx_word' id='word_1_125' title='bbox 1042 2921 1122 3006; x_wconf 92' lang='lat' dir='ltr'><strong>soli</strong></span> <span class='ocrx_word' id='word_1_126' title='bbox 1151 2921 1272 3033; x_wconf 85' lang='lat' dir='ltr'><strong>gulae</strong></span> <span class='ocrx_word' id='word_1_127' title='bbox 1302 2924 1544 3026; x_wconf 87' lang='lat' dir='ltr'><strong>consulunt,</strong></span> <span class='ocrx_word' id='word_1_128' title='bbox 1570 2952 1659 3007; x_wconf 89' lang='lat' dir='ltr'><strong>non</strong></span> <span class='ocrx_word' id='word_1_129' title='bbox 1686 2919 1815 3038; x_wconf 84' lang='lat' dir='ltr'><strong>proli.</strong></span> <span class='ocrx_word' id='word_1_130' title='bbox 1872 2925 1957 3004; x_wconf 80' lang='lat' dir='ltr'><strong>No</strong></span> 
     </span>
     <span class='ocr_line' id='line_1_17' title="bbox 267 3068 1956 3191; baseline -0.004 -31"><span class='ocrx_word' id='word_1_131' title='bbox 267 3105 321 3161; x_wconf 76' lang='lat' dir='ltr'><strong>ra</strong></span> <span class='ocrx_word' id='word_1_132' title='bbox 348 3076 488 3191; x_wconf 92' lang='lat' dir='ltr'><strong>proles</strong></span> <span class='ocrx_word' id='word_1_133' title='bbox 518 3072 618 3157; x_wconf 91' lang='lat' dir='ltr'><strong>anui</strong></span> <span class='ocrx_word' id='word_1_134' title='bbox 646 3072 693 3156; x_wconf 92' lang='lat' dir='ltr'><strong>in</strong></span> <span class='ocrx_word' id='word_1_135' title='bbox 720 3072 874 3157; x_wconf 88' lang='lat' dir='ltr'><strong>iisdem</strong></span> <span class='ocrx_word' id='word_1_136' title='bbox 903 3068 1106 3185; x_wconf 88' lang='lat' dir='ltr'><strong>hybernis</strong></span> <span class='ocrx_word' id='word_1_137' title='bbox 1148 3072 1390 3156; x_wconf 87' lang='lat' dir='ltr'><strong>maturescit</strong></span> <span class='ocrx_word' id='word_1_138' title='bbox 1431 3095 1476 3157; x_wconf 88' lang='lat' dir='ltr'><strong>et</strong></span> <span class='ocrx_word' id='word_1_139' title='bbox 1514 3073 1746 3187; x_wconf 85' lang='lat' dir='ltr'><strong>perfectam</strong></span> <span class='ocrx_word' id='word_1_140' title='bbox 1787 3069 1956 3156; x_wconf 89' lang='lat' dir='ltr'><strong>adultae</strong></span> 
     </span>
     <span class='ocr_line' id='line_1_18' title="bbox 267 3221 1961 3340; baseline -0.004 -29"><span class='ocrx_word' id='word_1_141' title='bbox 267 3224 418 3311; x_wconf 76' lang='lat' dir='ltr'><strong>aetatis</strong></span> <span class='ocrx_word' id='word_1_142' title='bbox 445 3223 586 3310; x_wconf 91' lang='lat' dir='ltr'><strong>induit</strong></span> <span class='ocrx_word' id='word_1_143' title='bbox 619 3223 921 3340; x_wconf 82' lang='lat' dir='ltr'><strong>plumaginem.</strong></span> <span class='ocrx_word' id='word_1_144' title='bbox 991 3221 1315 3307; x_wconf 81' lang='lat' dir='ltr'><strong>Pmlificationis</strong></span> <span class='ocrx_word' id='word_1_145' title='bbox 1355 3222 1489 3336; x_wconf 84' lang='lat' dir='ltr'><strong>gratia</strong></span> <span class='ocrx_word' id='word_1_146' title='bbox 1528 3252 1674 3307; x_wconf 89' lang='lat' dir='ltr'><strong>omnes</strong></span> <span class='ocrx_word' id='word_1_147' title='bbox 1718 3224 1774 3307; x_wconf 90' lang='lat' dir='ltr'><strong>ad</strong></span> <span class='ocrx_word' id='word_1_148' title='bbox 1818 3221 1961 3306; x_wconf 79' lang='lat' dir='ltr'><strong>nativa</strong></span> 
     </span>
     <span class='ocr_line' id='line_1_19' title="bbox 262 3369 1961 3495; baseline -0.001 -35"><span class='ocrx_word' id='word_1_149' title='bbox 262 3374 389 3475; x_wconf 88' lang='lat' dir='ltr'><strong>loca,</strong></span> <span class='ocrx_word' id='word_1_150' title='bbox 424 3375 520 3490; x_wconf 90' lang='lat' dir='ltr'><strong>plus</strong></span> <span class='ocrx_word' id='word_1_151' title='bbox 548 3374 686 3495; x_wconf 85' lang='lat' dir='ltr'><strong>minus</strong></span> <span class='ocrx_word' id='word_1_152' title='bbox 716 3395 831 3456; x_wconf 91' lang='lat' dir='ltr'><strong>arcto</strong></span> <span class='ocrx_word' id='word_1_153' title='bbox 858 3369 1019 3475; x_wconf 86' lang='lat' dir='ltr'><strong>vicina,</strong></span> <span class='ocrx_word' id='word_1_154' title='bbox 1063 3374 1133 3456; x_wconf 91' lang='lat' dir='ltr'><strong>vel</strong></span> <span class='ocrx_word' id='word_1_155' title='bbox 1161 3371 1334 3485; x_wconf 84' lang='lat' dir='ltr'><strong>frigidas</strong></span> <span class='ocrx_word' id='word_1_156' title='bbox 1362 3375 1417 3457; x_wconf 91' lang='lat' dir='ltr'><strong>ad</strong></span> <span class='ocrx_word' id='word_1_157' title='bbox 1445 3373 1561 3488; x_wconf 89' lang='lat' dir='ltr'><strong>alpes</strong></span> <span class='ocrx_word' id='word_1_158' title='bbox 1589 3375 1781 3458; x_wconf 81' lang='lat' dir='ltr'><strong>redeunt.</strong></span> <span class='ocrx_word' id='word_1_159' title='bbox 1814 3398 1818 3403; x_wconf 87' lang='grc'><strong><em>·</em></strong></span> <span class='ocrx_word' id='word_1_160' title='bbox 1851 3373 1961 3463; x_wconf 77' lang='lat' dir='ltr'><strong>Edu·</strong></span> 
     </span>
     <span class='ocr_line' id='line_1_20' title="bbox 262 3521 1961 3640; baseline -0.001 -29"><span class='ocrx_word' id='word_1_161' title='bbox 262 3547 358 3611; x_wconf 84' lang='lat' dir='ltr'><strong>eata</strong></span> <span class='ocrx_word' id='word_1_162' title='bbox 386 3524 545 3608; x_wconf 88' lang='lat' dir='ltr'><strong>deinde</strong></span> <span class='ocrx_word' id='word_1_163' title='bbox 575 3524 694 3638; x_wconf 91' lang='lat' dir='ltr'><strong>prole</strong></span> <span class='ocrx_word' id='word_1_164' title='bbox 722 3544 767 3606; x_wconf 90' lang='lat' dir='ltr'><strong>et</strong></span> <span class='ocrx_word' id='word_1_165' title='bbox 795 3523 953 3605; x_wconf 81' lang='lat' dir='ltr'><strong>refecta</strong></span> <span class='ocrx_word' id='word_1_166' title='bbox 981 3552 1090 3607; x_wconf 91' lang='lat' dir='ltr'><strong>nova</strong></span> <span class='ocrx_word' id='word_1_167' title='bbox 1116 3521 1382 3638; x_wconf 81' lang='lat' dir='ltr'><strong>plumagine,</strong></span> <span class='ocrx_word' id='word_1_168' title='bbox 1421 3523 1468 3609; x_wconf 93' lang='lat' dir='ltr'><strong>in</strong></span> <span class='ocrx_word' id='word_1_169' title='bbox 1511 3523 1617 3610; x_wconf 87' lang='lat' dir='ltr'><strong>locis</strong></span> <span class='ocrx_word' id='word_1_170' title='bbox 1657 3523 1817 3640; x_wconf 88' lang='lat' dir='ltr'><strong>pabulo</strong></span> <span class='ocrx_word' id='word_1_171' title='bbox 1856 3521 1961 3640; x_wconf 80' lang='lat' dir='ltr'><strong>ipsit</strong></span> 
     </span>
     <span class='ocr_line' id='line_1_21' title="bbox 263 3670 1960 3791; baseline 0.004 -34"><span class='ocrx_word' id='word_1_172' title='bbox 263 3696 383 3788; x_wconf 78' lang='lat' dir='ltr'><strong>grato</strong></span> <span class='ocrx_word' id='word_1_173' title='bbox 413 3670 720 3758; x_wconf 88' lang='lat' dir='ltr'><strong>abundantibus</strong></span> <span class='ocrx_word' id='word_1_174' title='bbox 749 3670 1050 3787; x_wconf 82' lang='lat' dir='ltr'><strong>aliquantisper</strong></span> <span class='ocrx_word' id='word_1_175' title='bbox 1078 3695 1282 3778; x_wconf 87' lang='lat' dir='ltr'><strong>moratae,</strong></span> <span class='ocrx_word' id='word_1_176' title='bbox 1325 3674 1481 3760; x_wconf 88' lang='lat' dir='ltr'><strong>sensim</strong></span> <span class='ocrx_word' id='word_1_177' title='bbox 1521 3673 1569 3759; x_wconf 91' lang='lat' dir='ltr'><strong>in</strong></span> <span class='ocrx_word' id='word_1_178' title='bbox 1609 3698 1709 3760; x_wconf 88' lang='lat' dir='ltr'><strong>nota</strong></span> <span class='ocrx_word' id='word_1_179' title='bbox 1750 3673 1960 3791; x_wconf 79' lang='lat' dir='ltr'><strong>hyberna,</strong></span> 
     </span>
     <span class='ocr_line' id='line_1_22' title="bbox 262 3820 1960 3937; baseline 0.004 -33"><span class='ocrx_word' id='word_1_180' title='bbox 262 3851 349 3935; x_wconf 91' lang='lat' dir='ltr'><strong>quo</strong></span> <span class='ocrx_word' id='word_1_181' title='bbox 377 3820 515 3906; x_wconf 88' lang='lat' dir='ltr'><strong>allicit</strong></span> <span class='ocrx_word' id='word_1_182' title='bbox 542 3821 764 3937; x_wconf 90' lang='lat' dir='ltr'><strong>pabulum,</strong></span> <span class='ocrx_word' id='word_1_183' title='bbox 807 3824 1028 3906; x_wconf 84' lang='lat' dir='ltr'><strong>recedunt:</strong></span> <span class='ocrx_word' id='word_1_184' title='bbox 1069 3823 1227 3908; x_wconf 89' lang='lat' dir='ltr'><strong>multae</strong></span> <span class='ocrx_word' id='word_1_185' title='bbox 1268 3856 1353 3910; x_wconf 90' lang='lat' dir='ltr'><strong>non</strong></span> <span class='ocrx_word' id='word_1_186' title='bbox 1383 3849 1481 3911; x_wconf 91' lang='lat' dir='ltr'><strong>ante</strong></span> <span class='ocrx_word' id='word_1_187' title='bbox 1509 3829 1800 3913; x_wconf 86' lang='lat' dir='ltr'><strong>confirmatam</strong></span> <span class='ocrx_word' id='word_1_188' title='bbox 1829 3850 1960 3913; x_wconf 83' lang='lat' dir='ltr'><strong>aesta·</strong></span> 
     </span>
     <span class='ocr_line' id='line_1_23' title="bbox 258 3969 1960 4094; baseline 0.002 -34"><span class='ocrx_word' id='word_1_189' title='bbox 258 3994 372 4073; x_wconf 77' lang='lat' dir='ltr'><strong>tem3</strong></span> <span class='ocrx_word' id='word_1_190' title='bbox 400 3971 544 4058; x_wconf 91' lang='lat' dir='ltr'><strong>omnia</strong></span> <span class='ocrx_word' id='word_1_191' title='bbox 578 4000 678 4055; x_wconf 87' lang='lat' dir='ltr'><strong>vero</strong></span> <span class='ocrx_word' id='word_1_192' title='bbox 707 3970 888 4056; x_wconf 89' lang='lat' dir='ltr'><strong>borealis</strong></span> <span class='ocrx_word' id='word_1_193' title='bbox 917 3969 1248 4089; x_wconf 88' lang='lat' dir='ltr'><strong>haemisphaerii</strong></span> <span class='ocrx_word' id='word_1_194' title='bbox 1275 3982 1462 4063; x_wconf 89' lang='lat' dir='ltr'><strong>Pennata</strong></span> <span class='ocrx_word' id='word_1_195' title='bbox 1487 3977 1595 4065; x_wconf 90' lang='lat' dir='ltr'><strong>citra</strong></span> <span class='ocrx_word' id='word_1_196' title='bbox 1622 3978 1833 4094; x_wconf 79' lang='lat' dir='ltr'><strong>Tropicoa</strong></span> <span class='ocrx_word' id='word_1_197' title='bbox 1860 4009 1960 4065; x_wconf 89' lang='lat' dir='ltr'><strong>con·</strong></span> 
     </span>
     <span class='ocr_line' id='line_1_24' title="bbox 254 4122 1962 4244; baseline 0.005 -35"><span class='ocrx_word' id='word_1_198' title='bbox 254 4122 428 4225; x_wconf 78' lang='lat' dir='ltr'><strong>sistunt,</strong></span> <span class='ocrx_word' id='word_1_199' title='bbox 474 4124 586 4220; x_wconf 87' lang='lat' dir='ltr'><strong>sola,</strong></span> <span class='ocrx_word' id='word_1_200' title='bbox 625 4145 673 4206; x_wconf 92' lang='lat' dir='ltr'><strong>ut</strong></span> <span class='ocrx_word' id='word_1_201' title='bbox 710 4122 830 4221; x_wconf 82' lang='lat' dir='ltr'><strong>dixi,</strong></span> <span class='ocrx_word' id='word_1_202' title='bbox 871 4123 1107 4211; x_wconf 89' lang='lat' dir='ltr'><strong>Diomedea</strong></span> <span class='ocrx_word' id='word_1_203' title='bbox 1144 4150 1336 4242; x_wconf 85' lang='lat' dir='ltr'><strong>excepta.</strong></span> <span class='ocrx_word' id='word_1_204' title='bbox 1406 4135 1471 4212; x_wconf 89' lang='lat' dir='ltr'><strong>Ita</strong></span> <span class='ocrx_word' id='word_1_205' title='bbox 1498 4158 1601 4215; x_wconf 84' lang='lat' dir='ltr'><strong>vero</strong></span> <span class='ocrx_word' id='word_1_206' title='bbox 1627 4129 1675 4215; x_wconf 94' lang='lat' dir='ltr'><strong>in</strong></span> <span class='ocrx_word' id='word_1_207' title='bbox 1702 4159 1861 4244; x_wconf 83' lang='lat' dir='ltr'><strong>genere</strong></span> <span class='ocrx_word' id='word_1_208' title='bbox 1891 4134 1962 4218; x_wconf 91' lang='lat' dir='ltr'><strong>ad·</strong></span> 
     </span>
     <span class='ocr_line' id='line_1_25' title="bbox 255 4272 1963 4392; baseline 0.006 -32"><span class='ocrx_word' id='word_1_209' title='bbox 255 4272 396 4360; x_wconf 86' lang='lat' dir='ltr'><strong>dictae</strong></span> <span class='ocrx_word' id='word_1_210' title='bbox 425 4295 521 4357; x_wconf 86' lang='lat' dir='ltr'><strong>sunt</strong></span> <span class='ocrx_word' id='word_1_211' title='bbox 546 4273 653 4360; x_wconf 89' lang='lat' dir='ltr'><strong>locis</strong></span> <span class='ocrx_word' id='word_1_212' title='bbox 680 4273 726 4358; x_wconf 91' lang='lat' dir='ltr'><strong>in</strong></span> <span class='ocrx_word' id='word_1_213' title='bbox 755 4274 908 4389; x_wconf 87' lang='lat' dir='ltr'><strong>quibus</strong></span> <span class='ocrx_word' id='word_1_214' title='bbox 934 4297 1057 4360; x_wconf 90' lang='lat' dir='ltr'><strong>natae</strong></span> <span class='ocrx_word' id='word_1_215' title='bbox 1086 4300 1204 4376; x_wconf 84' lang='lat' dir='ltr'><strong>sunt,</strong></span> <span class='ocrx_word' id='word_1_216' title='bbox 1245 4300 1292 4361; x_wconf 92' lang='lat' dir='ltr'><strong>ut</strong></span> <span class='ocrx_word' id='word_1_217' title='bbox 1330 4309 1382 4364; x_wconf 94' lang='lat' dir='ltr'><strong>eo</strong></span> <span class='ocrx_word' id='word_1_218' title='bbox 1428 4279 1681 4392; x_wconf 90' lang='lat' dir='ltr'><strong>quotannis</strong></span> <span class='ocrx_word' id='word_1_219' title='bbox 1708 4283 1891 4368; x_wconf 86' lang='lat' dir='ltr'><strong>redeant</strong></span> <span class='ocrx_word' id='word_1_220' title='bbox 1919 4285 1963 4370; x_wconf 71' lang='grc' dir='ltr'><strong>Β·</strong></span> 
     </span>
     <span class='ocr_line' id='line_1_26' title="bbox 252 4419 1963 4543; baseline 0.008 -34"><span class='ocrx_word' id='word_1_221' title='bbox 252 4419 429 4519; x_wconf 80' lang='lat' dir='ltr'><strong>delitet,</strong></span> <span class='ocrx_word' id='word_1_222' title='bbox 469 4422 605 4510; x_wconf 88' lang='lat' dir='ltr'><strong>immo</strong></span> <span class='ocrx_word' id='word_1_223' title='bbox 647 4427 854 4539; x_wconf 86' lang='lat' dir='ltr'><strong>quaedam</strong></span> <span class='ocrx_word' id='word_1_224' title='bbox 882 4425 1040 4511; x_wconf 87' lang='lat' dir='ltr'><strong>exinde</strong></span> <span class='ocrx_word' id='word_1_225' title='bbox 1067 4435 1221 4514; x_wconf 80' lang='lat' dir='ltr'><strong>locales</strong></span> <span class='ocrx_word' id='word_1_226' title='bbox 1249 4429 1487 4543; x_wconf 86' lang='lat' dir='ltr'><strong>specierum</strong></span> <span class='ocrx_word' id='word_1_227' title='bbox 1513 4454 1740 4518; x_wconf 83' lang='lat' dir='ltr'><strong>nascuntur</strong></span> <span class='ocrx_word' id='word_1_228' title='bbox 1768 4435 1963 4524; x_wconf 63' lang='lat' dir='ltr'><strong>Varieta-</strong></span> 
     </span>
     <span class='ocr_line' id='line_1_27' title="bbox 250 4575 1964 4697; baseline 0.007 -36"><span class='ocrx_word' id='word_1_229' title='bbox 250 4593 335 4670; x_wconf 62' lang='grc' dir='ltr'><strong>ωας</strong></span> <span class='ocrx_word' id='word_1_230' title='bbox 378 4579 495 4684; x_wconf 86' lang='lat' dir='ltr'><strong>cujus</strong></span> <span class='ocrx_word' id='word_1_231' title='bbox 534 4575 599 4659; x_wconf 90' lang='lat' dir='ltr'><strong>rei</strong></span> <span class='ocrx_word' id='word_1_232' title='bbox 635 4575 817 4663; x_wconf 86' lang='lat' dir='ltr'><strong>illustria</strong></span> <span class='ocrx_word' id='word_1_233' title='bbox 845 4579 1047 4692; x_wconf 85' lang='lat' dir='ltr'><strong>exempla</strong></span> <span class='ocrx_word' id='word_1_234' title='bbox 1076 4583 1217 4663; x_wconf 85' lang='lat' dir='ltr'><strong>Fauna</strong></span> <span class='ocrx_word' id='word_1_235' title='bbox 1245 4602 1387 4665; x_wconf 88' lang='lat' dir='ltr'><strong>nostra</strong></span> <span class='ocrx_word' id='word_1_236' title='bbox 1413 4584 1589 4697; x_wconf 88' lang='lat' dir='ltr'><strong>praebet</strong></span> <span class='ocrx_word' id='word_1_237' title='bbox 1621 4582 1670 4668; x_wconf 91' lang='lat' dir='ltr'><strong>in</strong></span> <span class='ocrx_word' id='word_1_238' title='bbox 1707 4580 1964 4674; x_wconf 86' lang='lat' dir='ltr'><strong>Hirundine</strong></span> 
     </span>
     <span class='ocr_line' id='line_1_28' title="bbox 252 4722 1964 4844; baseline 0.009 -34"><span class='ocrx_word' id='word_1_239' title='bbox 252 4722 488 4811; x_wconf 80' lang='lat' dir='ltr'><strong>domestica</strong></span> <span class='ocrx_word' id='word_1_240' title='bbox 534 4723 736 4831; x_wconf 87' lang='lat' dir='ltr'><strong>Sibiriae,</strong></span> <span class='ocrx_word' id='word_1_241' title='bbox 779 4728 948 4833; x_wconf 78' lang='lat' dir='ltr'><strong>Alauda</strong></span> <span class='ocrx_word' id='word_1_242' title='bbox 994 4727 1192 4844; x_wconf 87' lang='lat' dir='ltr'><strong>alpestri,</strong></span> <span class='ocrx_word' id='word_1_243' title='bbox 1235 4733 1453 4820; x_wconf 89' lang='lat' dir='ltr'><strong>Motacilla</strong></span> <span class='ocrx_word' id='word_1_244' title='bbox 1496 4761 1688 4838; x_wconf 82' lang='lat' dir='ltr'><strong>aurorea,</strong></span> <span class='ocrx_word' id='word_1_245' title='bbox 1731 4739 1964 4825; x_wconf 79' lang='lat' dir='ltr'><strong>Emberiza</strong></span> 
     </span>
    </p>
   </div>
   <div class='ocr_carea' id='block_1_8' title="bbox 250 4871 1966 5011">
    <p class='ocr_par' dir='ltr' id='par_1_8' title="bbox 250 4871 1966 5011">
     <span class='ocr_line' id='line_1_29' title="bbox 250 4871 1966 5011; baseline 0.01 -50"><span class='ocrx_word' id='word_1_246' title='bbox 250 4871 407 4987; x_wconf 84' lang='lat' dir='ltr'><strong>nivali,</strong></span> <span class='ocrx_word' id='word_1_247' title='bbox 434 4880 603 4966; x_wconf 75' lang='lat' dir='ltr'><strong>Patsere</strong></span> <span class='ocrx_word' id='word_1_248' title='bbox 633 4903 799 4991; x_wconf 80' lang='lat' dir='ltr'><strong>arctoo,</strong></span> <span class='ocrx_word' id='word_1_249' title='bbox 830 4881 1042 4976; x_wconf 76' lang='lat' dir='ltr'><strong>Cmduele</strong></span> <span class='ocrx_word' id='word_1_250' title='bbox 1072 4881 1276 4989; x_wconf 87' lang='lat' dir='ltr'><strong>Sibiriae,</strong></span> <span class='ocrx_word' id='word_1_251' title='bbox 1303 4883 1554 4998; x_wconf 87' lang='lat' dir='ltr'><strong>Morinello,</strong></span> <span class='ocrx_word' id='word_1_252' title='bbox 1583 4892 1800 4979; x_wconf 84' lang='lat' dir='ltr'><strong>Tetraone</strong></span> <span class='ocrx_word' id='word_1_253' title='bbox 1828 4896 1966 5011; x_wconf 64' lang='lat' dir='ltr'><strong>lngo</strong></span> 
     </span>
    </p>
   </div>
   <div class='ocr_carea' id='block_1_9' title="bbox 0 0 2210 5910">
    <p class='ocr_par' dir='ltr' id='par_1_9' title="bbox 0 0 2210 5910">
     <span class='ocr_line' id='line_1_30' title="bbox 0 0 2210 5910; baseline 0 3"><span class='ocrx_word' id='word_1_254' title='bbox 0 0 2210 5910; x_wconf 95' lang='lat' dir='ltr'><strong> </strong></span> 
     </span>
    </p>
   </div>
  </div>
 </body>
</html>
