4410 5910
252 414 345 539 '182
989 459 1159 510 -Ξ

391 673 446 753 D.
474 667 607 754 caffro
633 666 897 783 subaequalis
923 663 1031 752 haec
1061 661 1221 782 species
1255 659 1356 750 inde
1393 696 1416 750 a
1443 661 1619 752 desertis
1647 663 1807 784 campis
1833 664 1946 756 inter

255 822 497 908 Danubium
539 844 583 907 et
623 820 788 907 Tanain
829 853 960 938 usque
1000 820 1046 904 in
1087 820 1300 905 Tatariam
1336 848 1528 935 magnam
1556 843 1731 935 evagata
1769 844 1855 925 est,
1898 821 1946 908 in

255 977 522 1064 Chersoneso
548 974 708 1060 taurica
737 1005 902 1088 quoque
940 1004 1025 1060 non
1060 976 1324 1088 infrequens,
1363 975 1438 1059 ubi
1481 1005 1658 1089 sequens
1698 995 1743 1059 et
1783 980 1839 1059 D.
1869 979 1946 1065 Sa·

248 1140 361 1242 gitta
389 1127 563 1214 omnino
592 1159 676 1213 non
705 1131 960 1212 observatur.
1031 1127 1141 1212 Hinc
1181 1127 1424 1212 distinctam
1461 1158 1550 1215 esse
1577 1126 1764 1242 speciem
1805 1157 1859 1214 eo
1886 1130 1947 1215 lu·

254 1283 423 1367 bentius
459 1281 736 1382 crediderim,
764 1283 890 1395 ‘quod
928 1280 1168 1364 differentia
1205 1279 1529 1394 magnitudinis,
1567 1310 1737 1367 omnem
1773 1311 1947 1369 consan-

253 1433 472 1547 guinitatis
501 1433 783 1548 suspicionem
811 1432 999 1518 eximere
1028 1433 1208 1516 videtur.
1268 1439 1316 1517 In
1339 1433 1494 1518 Sibiria
1515 1431 1797 1549 haecspecies
1812 1435 1944 1541 deest,

253 1586 380 1700 longe
410 1608 548 1669 autem
578 1588 631 1669 ad
660 1610 864 1687 austrum,
896 1584 1148 1669 Bucheriam
1178 1565 1337 1688 iersus,
1380 1589 1595 1701 frequens,
1636 1616 1716 1672 nec
1744 1586 1856 1671 ultra
1885 1617 1943 1702 gr.

255 1754 378 1827 boet-³¹¹¹
406 1737 643 1825 latitudiuis
672 1738 801 1822 clima
829 1741 1008 1851 perfert,
1054 1737 1119 1821 uti
1148 1767 1225 1822 nec
1255 1769 1511 1852 congereres
1539 1739 1706 1854 reliqui.
1764 1739 1945 1826 xanthii

252 1884 464 1975 sturmarii
491 1920 619 1974 nuces
648 1890 771 1973 avide
801 1889 967 2004 colligit
994 1920 1071 2005 pro
1100 1892 1269 2005 pabulo.
1339 1898 1502 2005 Hyeme
1530 1913 1690 2008 torpet,
1725 1914 1771 1976 et
1799 1922 1944 2009 perpe·

254 2073 345 2130 ram
372 2045 426 2126 de
454 2072 528 2141 eo,
564 2045 724 2127 eNov.
754 2045 937 2127 Coment.
966 2045 1283 2154 Petropolttams
1324 2047 1523 2159 adoptato
1567 2073 1728 2148 errore,
1765 2047 1940 2130 Gmeli·

255 2229 344 2284 nus
370 2196 416 2278 in
445 2198 620 2280 editione
647 2198 894 2307 Systematis
928 2200 1173 2292 Linnaeani,
1215 2195 1332 2281 foeni
1361 2228 1530 2284 acervos
1559 2192 1782 2314 colligere,
1827 2200 1938 2318 quod

256 2354 311 2436 de
351 2358 487 2466 lepore
518 2362 768 2462 ogotona'et
795 2357 935 2465 alpino
969 2345 1309 2465 intelligendum.

535 2598 580 2619 Ι.
640 2642 763 2729 108.
853 2638 1135 2728 DIPUS
1207 2640 1558 2729 Acantion.

390 2827 446 2908 D.
475 2821 631 2938 plantis
657 2825 988 2939 pentadactylis!
1018 2824 1183 2909 auribus
1212 2826 1352 2942 capite
1381 2823 1659 2939 longioribus,
1688 2828 1837 2912 minor.

471 2982 568 3060 Mus
595 2978 760 3060 Jaculus
791 2979 925 3061 Pallas
952 3009 1050 3063 nov.
1080 3009 1140 3094 sp.
1173 2977 1267 3092 glir.
1520 2968 1526 2975 ’

470 3128 655 3213 Sibirian
683 3132 852 3231 Jerboa,
881 3131 1075 3215 Pennant.
1104 3163 1197 3243 syn.
1227 3131 1372 3247 quadr.
1403 3163 1443 3245 p.
1474 3147 1569 3237 429.
1608 3129 1693 3216 tab.
1723 3142 1793 3236 45.

361 3279 556 3369 Cosaccis
586 3283 639 3364 ad
668 3279 916 3396 Rhymnum
935 3286 1276 3370 Jemuranrschtk.

361 3440 560 3548 Magnam
590 3456 769 3518 staturae
806 3457 849 3519 et
877 3435 1196 3551 proportionum
1225 3427 1513 3521 differentiam
1541 3435 1827 3551 perpendens,
1858 3431 1939 3518 ani·

251 3586 425 3676 maltul'r
456 3616 551 3670 cum
582 3588 859 3670 antecedente
888 3620 972 3673 non
1002 3589 1179 3703 ubique,
1226 3611 1410 3671 attamen
1439 3587 1676 3709 promiscue
1719 3585 1856 3672 sicubi
1884 3583 1938 3670 vi·

253 3740 414 3838 ventis,
458 3770 534 3853 pro
573 3741 662 3823 solo
700 3740 808 3824 illud
843 3770 1051 3855 pygmaeo
1080 3745 1286 3855 degenere
1316 3737 1493 3842 habere,
1538 3739 1611 3824 vix
1628 3739 1752 3826 mihi
1783 3771 1938 3858 persua·

254 3892 378 3988 deor,
420 3910 463 3972 et
507 3891 606 3972 dum
645 3890 718 3976 alii
753 3915 849 4007 post
876 3923 943 3978 me
972 3893 1153 3981 certiora
1194 3896 1393 3998 doceant,
1436 3910 1513 4010 pro
1556 3892 1698 4049 specie
1741 3895 1936 3981 distincta

253 4040 329 4131 luc
357 4044 566 4128 collocare
595 4043 739 4129 malui.

586 4312 711 4405 109,
799 4283 1124 4382 DIPUS?
1186 4292 1627 4391 meridianus,

392 4476 447 4555 D.
484 4472 640 4586 plantis
682 4476 1015 4590 pentadactylis,
1068 4475 1235 4562 auribus
1281 4478 1424 4643 capite
1470 4462 1761 4583 brevioribus,
1813 4477 1934 4564 cauda

253 4626 368 4714 lutea
393 4620 627 4712 unicolore.

472 4782 610 4895 Dpus
637 4779 910 4882 meridianus,
940 4785 1111 4868 Gmelr'n.
1142 4798 1246 4895 sy'tt.
1275 4786 1366 4872 Lt'n'.
1395 4787 1428 4868 Ι.
1456 4814 1499 4903 p.
1523 4792 1630 4893 r'.'59
1639 4814 1703 4902 sp.
1733 4802 1774 4893 4.
1804 4786 1932 4891 Sclue

527 4933 613 5021 ber.
640 4942 851 5021 mamm.
880 4939 954 5021 W.
984 4937 1069 5024 tab.
1099 4951 1195 5026 231.
