4410 5910
1053 368 1069 387 Ι

444 598 558 713 ingr,
598 620 799 684 castratus
833 602 940 704 Ata,
982 595 1241 685 minorennis
1277 597 1518 687 Heniochis·
1564 599 1756 688 Buraetis
1795 605 1965 693 Temen

443 749 681 839 Calmuccis
714 753 935 855 Temnehn3
987 750 1250 838 admissarius
1292 754 1447 851 Alton,
1488 753 1646 839 femina
1674 760 1851 869 Inguen,
1892 757 1967 843 mi·

442 903 642 989 norennis
671 910 891 1019 Bottogon.
948 904 1300 1009 Tscheremissis,
1353 905 1458 992 Tuis.
1499 904 1666 991 Arinzis
1712 908 1858 1006 Τεὸές
1887 912 1965 999 Co·

441 1056 554 1142 tovis
586 1059 722 1142 Tribat
736 1095 750 1153 ;
789 1058 961 1143 Assanis
1006 1059 1159 1146 Tabuit.
1187 1055 1392 1175 Tangutis
1432 1060 1655 1170 R’nugorl5
1693 1064 1786 1148 Mas
1827 1064 1964 1177 Ngus»

440 1212 532 1309 seb,
572 1209 729 1295 femina
754 1212 1011 1327 Ngamomo,
1055 1210 1312 1298 minorennis
1347 1213 1562 1325 Ngaruglz.
1621 1210 1736 1299 Indis
1765 1210 1827 1299 cis
1854 1218 1963 1301 Gan·

439 1390 536 1477 gem
567 1366 727 1450 Uriulla.

412 1517 697 1629 Spontaneum
726 1515 883 1601 animal
910 1515 956 1601 in
985 1518 1151 1604 mediae
1172 1517 1299 1604 Asiae
1322 1514 1531 1603 montanis
1554 1514 1705 1632 apricis
1727 1518 1959 1609 etiamnum

273 1694 349 1783 per
374 1666 492 1783 paria
519 1694 703 1786 vagatur.
761 1671 1027 1786 Dequovid.
1083 1675 1225 1789 Spicil.
1247 1672 1368 1756 Zool.
1398 1672 1517 1755 Fasc.
1544 1672 1620 1756 XI.
1648 1688 1746 1789 pa.
1776 1695 1821 1757 et
1850 1676 1889 1759 F
1892 1680 1959 1763 al·

275 1824 504 1912 trititiam.
532 1829 610 1908 ΙΙΙ.
639 1858 681 1941 p.
712 1859 804 1932 apa.

404 1979 535 2095 Apud
556 1979 771 2061 Nomadas
797 1999 958 2061 nostros
981 1979 1246 2079 Calmuccos,
1277 1974 1652 2091 Kirgiso·Tataros
1671 1998 1715 2063 et
1741 1979 1959 2094 Mongolo·

268 2139 493 2234 Buraetos‚
528 2151 574 2212 ut
600 2151 645 2213 et
671 2127 717 2212 in
746 2127 1045 2244 campestribus
1075 2127 1329 2215 Chersonesi
1355 2127 1561 2213 Tauricae
1602 2130 1771 2244 copiose
1801 2131 1970 2220 colitur·

266 2282 374 2369 haec
403 2278 587 2399 species,
618 2280 753 2365 arenis
783 2304 828 2366 et
853 2279 1156 2398 pauperrimis,
1183 2281 1269 2364 sale
1301 2279 1589 2398 squalentibus
1619 2281 1796 2368 desertis
1822 2317 1959 2401 asper·

266 2434 460 2551 rimoque
474 2465 628 2549 pascuo
642 2458 860 2540 contenta,
890 2434 965 2520 ubi
982 2433 1179 2537 Salsolas,
1208 2435 1485 2548 Polycnema,
1514 2433 1802 2550 Corisperma,
1834 2438 1957 2525 Carn-

263 2584 531 2702 phorosmas,
560 2587 814 2691 Nitrariam,
854 2587 1088 2685 Halimum,
1127 2583 1306 2700 Alhagi,
1349 2582 1664 2701 Zygophyllum
1692 2566 1807 2702 quod
1838 2618 1955 2705 egre-

264 2737 335 2865 gia
363 2737 555 2824 amaritia
583 2738 737 2855 pollet,
768 2737 1006 2837 Anabasin,
1035 2734 1223 2852 Cytisos,
1254 2737 1511 2837 Xanthium,
1538 2736 1778 2855 similiaque
1808 2742 1956 2858 depas-

264 2891 394 2994 citur,
426 2891 582 3004 exiguo
609 2914 713 3007 potu
748 2914 1007 2977 contentum.
1073 2892 1202 3006 Apud
1239 2898 1439 2975 Buraetos
1477 2912 1521 2974 et
1556 2893 1781 3005 Mongolos
1817 2895 1953 2981 mino·

262 3072 346 3145 res,
377 3050 436 3156 (*)
464 3042 611 3157 frigori
637 3065 682 3127 et
709 3043 893 3130 climatis
919 3041 1191 3159 intemperiei
1221 3042 1327 3127 mire
1350 3041 1534 3147 adsueti,
1563 3040 1740 3157 hyemes
1766 3042 1833 3129 ibi
1860 3045 1952 3131 diu·

259 3216 401 3281 tumas
431 3196 520 3281 sine
548 3198 637 3283 ullo
664 3219 779 3283 tecto
809 3196 880 3280 vel
907 3195 1095 3308 tegmine
1123 3197 1263 3279 lerunt
1289 3217 1335 3279 et
1370 3197 1470 3279 dum
1507 3194 1593 3278 alta
1620 3194 1720 3280 'nive
1748 3219 1864 3282 tecta
1890 3204 1948 3311 ja·

258 3372 356 3433 cent
383 3347 547 3454 omnia,
590 3349 741 3435 misere
784 3348 914 3435 vitam
957 3369 1191 3431 sustentant
1230 3344 1424 3461 virgultis
1460 3346 1645 3433 Salicum
1686 3372 1730 3434 et
1770 3349 1949 3436 Betulae

256 3500 496 3587 fruticantia
531 3503 601 3586 vel
638 3502 712 3588 ubi
748 3501 795 3586 in
822 3497 974 3617 apricis
1003 3521 1151 3584 ventus
1186 3499 1332 3585 nivem
1360 3501 1513 3604 aufert,
1552 3498 1750 3586 Robiniis
1777 3500 1944 3618 pusillis

256 3675 302 3736 et
327 3652 535 3770 salsugine
563 3656 717 3739 famem
745 3654 978 3769 depellunt.
1033 3657 1090 3734 Et
1116 3651 1219 3736 licet
1239 3680 1338 3735 vere
1364 3649 1499 3735 macie
1520 3653 1608 3737 fere
1633 3653 1836 3759 absumti,
1867 3653 1941 3739 vil·

255 3802 343 3885 lum
370 3811 456 3915 jam
483 3805 626 3921 Aprili
655 3805 850 3890 amittant
878 3806 1102 3890 eteoclem
1136 3806 1222 3888 lere
1250 3827 1441 3919 tempore
1474 3805 1661 3920 pariant,
1701 3829 1846 3891 tamen
1879 3801 1937 3891 ni·

254 3982 326 4035 ves
354 3979 397 4038 et
424 3956 579 4072 frigora
606 3987 730 4075 saepe
757 3957 895 4044 adhuc
923 3964 1038 4074 Majo
1065 3957 1305 4073 ingruentia
1340 3956 1596 4072 magnanimi
1632 3960 1786 4043 ferunt.
1855 3964 1934 4044 Ve-

250 4136 344 4191 rum
370 4110 535 4195 ‘Pataris
563 4134 608 4197 et
635 4110 893 4217 Calmuccis,
922 4111 1075 4227 quibus
1102 4119 1279 4226 majores
1307 4134 1402 4195 sunt
1425 4110 1613 4212 Cameli,
1637 4116 1773 4223 major
1792 4140 1929 4197 eorum

248 4288 368 4363 cura,
413 4263 641 4349 arundinea
676 4287 789 4351 tecta
824 4240 905 4380 pro
934 4265 1022 4351 illis
1050 4267 1235 4382 parando
1263 4286 1308 4348 et
1334 4294 1508 4379 corpora
1536 4259 1788 4349 centonibus
1815 4294 1841 4349 e
1866 4290 1925 4349 co

248 4411 367 4496 actili
393 4442 547 4528 genere
579 4417 713 4505 laneis
747 4419 981 4507 vestiendo,
1050 4426 1267 4505 Autumno
1302 4415 1568 4536 pinguissimi
1602 4416 1742 4503 elatos-
1771 4414 1923 4505 habent

246 4624 562 4650 Q

293 4743 350 4836 (*)
377 4752 578 4820 sinensium
604 4754 744 4827 carneli
768 4760 834 4827 vix
859 4758 964 4850 Equo
988 4760 1142 4852 majores
1173 4757 1338 4829 meminit
1381 4755 1494 4826 ettam
1529 4742 1594 4824 Du
1618 4747 1752 4826 Halia
1781 4754 1855 4831 vol.
1872 4738 1927 4825 ΙΙ·

372 4890 453 4961 Μ·
484 4886 567 4961 ¹⁸4·
