4410 5910
260 406 348 505 328
1020 410 1170 470 ΕΞ

256 662 260 667 ·
396 610 635 709 Nobilitate
664 619 848 706 secunda
873 614 982 703 haee
1009 613 1192 734 species,
1232 610 1334 732 qaia
1359 610 1527 732 saepius
1553 615 1762 727 occurrit,
1805 636 1855 710 et
1880 652 1956 743 pro

259 800 397 863 aetate
426 777 612 862 colorem
641 795 795 877 mutat,
839 777 891 859 ab
927 770 1165 857 auctoribus
1200 770 1308 855 mire
1348 768 1634 885 multiplicata
1678 796 1759 862 est.
1833 776 1957 867 Cim

258 928 460 1016 Uralense
487 935 632 1042 jugum
660 949 705 1012 et
730 925 777 1010 in
805 926 1053 1041 alpestribus
1082 922 1263 1009 Sibiriae
1299 922 1429 1006 etiam
1457 921 1676 1011 orientalis
1702 926 1868 1045 ubique
1892 954 1954 1019 ert

256 1080 487 1195 inquilina,
530 1079 733 1194 hyemem
761 1077 1004 1197 migratoria
1032 1075 1209 1190 fugiens.
1278 1082 1327 1159 In
1353 1073 1504 1165 insulis
1533 1077 1692 1165 Cutilia
1718 1080 1857 1169 occisi
1884 1084 1956 1171 de·

255 1231 530 1347 scriptionem
557 1231 603 1316 in
631 1227 801 1323 schedis
829 1234 858 1314 S
865 1237 959 1316 tell
966 1239 1038 1317 eri
1064 1227 1226 1315 inveni.
1292 1234 1407 1314 Vere
1449 1226 1600 1340 (initio
1625 1229 1804 1325 circiter
1829 1234 1956 1353 Apri·

255 1383 348 1494 lis),
380 1408 477 1469 cum
506 1382 732 1497 majoribus
760 1383 907 1469 avibus
937 1381 1142 1499 aquaticis
1171 1411 1227 1467 ex
1256 1404 1395 1466 austro
1423 1382 1624 1468 adventat
1646 1410 1807 1501 easque
1834 1387 1955 1502 quasi

253 1537 501 1635 comitatur,
542 1537 654 1620 unde
684 1557 786 1620 tunc
815 1536 927 1621 circa
959 1532 1154 1650 Caspiam
1181 1534 1381 1649 paludem
1420 1556 1466 1618 et
1491 1533 1538 1619 in
1577 1558 1717 1625 tractu
1759 1537 1956 1655 {thynni

254 1691 448 1804 frequens
478 1710 665 1804 apparet.
719 1689 825 1772 Inde
865 1687 1018 1802 migrat
1054 1688 1284 1773 secundum
1321 1708 1515 1771 catenam
1551 1689 1762 1775 montium
1791 1693 1953 1778 uralen·

253 1839 380 1943 sium,
411 1864 643 1956 perquam
671 1844 724 1926 ad
752 1840 875 1926 nidos
902 1840 1057 1956 passim
1087 1838 1361 1955 dispergitur,
1401 1871 1531 1955 usque
1566 1839 1615 1925 in
1641 1841 1841 1956 regiones
1870 1876 1952 1931 me·

255 1992 373 2075 xime
403 1992 612 2094 boreales,
643 1991 749 2076 mari
776 1992 948 2107 glaciali
977 1990 1158 2092 vicinas,
1201 1989 1333 2075 habui
1361 1992 1476 2077 enim
1502 1991 1605 2078 inde
1647 1994 1829 2081 allatum
1856 2026 1949 2083 cum

252 2143 358 2229 ovis.
417 2154 533 2226 Intra-
561 2143 754 2235 Rossiam
791 2144 864 2228 vix
898 2145 983 2229 nisi
1024 2146 1213 2229 excelsas
1253 2143 1364 2258 ripas
1404 2146 1634 2245 calcareas,
1652 2145 1785 2255 ‚infra
1830 2148 1948 2237 Casa·

253 2296 372 2380 nium
399 2298 630 2380 secundum
658 2296 839 2410 Volgam
867 2319 1110 2412 praeruptas
1138 2294 1311 2394 incolit,
1347 2326 1522 2411 quarum
1549 2296 1652 2382 inde
1678 2328 1799 2414 pars,
1832 2332 1948 2418 snpra

252 2453 447 2535 Samarae
476 2446 653 2545 ostium,
679 2450 842 2533 Soleolie
865 2480 980 2563 gory
1007 2450 1255 2563 appellatur.
1303 2445 1525 2533 Baschltiri
1547 2450 1776 2562 quotannis
1799 2482 1827 2537 e
1847 2484 1945 2539 sunt-

251 2600 333 2687 mis
362 2621 406 2684 et
432 2598 655 2683 inaccessis
675 2596 848 2717 rupibus
874 2602 1013 2719 pullos
1034 2599 1204 2716 rapiunt
1225 2622 1270 2685 et
1291 2603 1495 2700 educant3
1523 2598 1660 2686 adulti
1679 2602 1823 2709 enim,
1853 2634 1945 2721 prae

251 2750 441 2846 feritate.
471 2750 547 2835 rix
574 2752 746 2838 educari
773 2786 896 2870 posse
926 2757 1149 2840 leniantur.
1205 2754 1363 2839 Nidtan
1389 2783 1511 2869 supra
1539 2783 1661 2858 saxa,
1699 2785 1726 2840 e
1757 2757 1945 2873 virgultis

251 2909 385 3009 texit,
428 2904 498 2989 vel
527 2905 683 2989 nudam
711 2908 864 2992 fossam
893 2907 1055 3022 seligit,
1095 2906 1141 2989 in
1183 2908 1289 3010 alte,
1331 2904 1437 2991 locis
1465 2904 1652 2991 maxime
1695 2908 1944 3029 praeruptis.

253 3058 349 3144 Ova
376 3057 626 3173 plerumque
654 3057 776 3163 bina,
805 3060 937 3144 rarius
963 3083 1106 3158 terna,
1131 3057 1342 3143 rarissime
1361 3055 1554 3162 unicum,
1585 3058 1944 3174 globoso-oralia,

249 3207 429 3297 lateritii
455 3208 630 3315 coloris,
660 3211 884 3296 saturatius
908 3213 1001 3309 rufo
1036 3208 1262 3296 confertim
1289 3209 1485 3313 irrorata,
1512 3212 1703 3325 pondere
1732 3213 1944 3301 drachm-

248 3394 342 3447 rum
369 3369 454 3451 Xd.
511 3363 598 3448 Ubi
626 3362 841 3448 nidulatur
867 3363 1018 3461 Falce,
1061 3392 1157 3447 aves
1187 3363 1314 3464 aliae,
1357 3360 1603 3477 praesertim
1632 3366 1942 3479 aquaticae,itt

250 3512 411 3599 vicinia
439 3515 679 3628 frequentes
707 3514 925 3602 nid-ficare
952 3517 1252 3614 observantur,
1291 3513 1410 3629 quasi
1449 3517 1528 3599 sub
1565 3520 1655 3625 ejus
1682 3519 1849 3621 tutela3
1885 3536 1940 3603 etr

250 3666 365 3749 enim
394 3666 613 3780 rapacibus
641 3667 966 3781 ignobilioribus
994 3666 1267 3752 infestissima
1294 3690 1341 3753 et
1365 3667 1555 3752 timenda
1591 3667 1704 3769 aris,
1741 3670 1836 3758 imo
1862 3694 1938 3755 mat

249 3814 470 3900 hominem
499 3816 602 3901 nido
631 3819 1036 3935 appropinguantem
1065 3851 1163 3906 cum
1191 3821 1375 3907 clamore
1414 3819 1462 3905 in
1501 3834 1604 3939 aera·
1637 3824 1853 3925 sublatus,
1889 3846 1937 3905 ex

249 3969 339 4054 alto
365 3968 511 4055 silenti
538 3968 701 4086 impetu
731 3972 938 4102 adoritur,
973 3995 1017 4056 et
1044 3973 1152 4058 adeo
1180 3972 1412 4088 improviso
1441 4002 1565 4089 saepe
1593 3971 1641 4059 iu
1669 3998 1804 4091 caput
1830 3975 1935 4061 into·

250 4122 334 4227 lat,
377 4145 425 4207 ut
450 4122 666 4209 incautum
696 4123 769 4209 vix
795 4155 880 4210 non
907 4154 933 4210 e
961 4155 1065 4240 rupe
1092 4128 1303 4210 deturbet.
1371 4129 1538 4213 Femina
1563 4148 1715 4213 contra
1741 4128 1808 4215 ita
1832 4152 1932 4213 tent·

255 4277 364 4362 citer
391 4272 589 4361 inhaeret
624 4278 747 4383 mdc,
791 4302 838 4364 ut
876 4279 1072 4395 proxime
1113 4276 1308 4362 admittat
1349 4276 1589 4378 hominem,
1629 4300 1676 4363 et
1714 4278 1931 4367 incubante

250 4458 387 4526 mare,
415 4427 491 4511 illa
518 4431 720 4515 excubias
749 4432 850 4544 agit.
875 4482 924 4501 --
954 4438 1146 4516 Venatur
1169 4429 1322 4516 itidem
1351 4461 1406 4517 ex
1433 4434 1541 4531 alte,
1575 4434 1688 4519 adeo
1715 4436 1849 4519 arduo
1872 4454 1928 4513 te

252 4581 360 4682 latu,
388 4604 433 4665 ut
464 4610 587 4697 saepe
616 4581 690 4666 vix
719 4583 831 4669 inter
858 4586 990 4668 nubes
1020 4605 1230 4698 appareat.
1286 4590 1335 4666 ln
1357 4608 1499 4672 anates
1521 4606 1716 4671 natantes
1735 4584 1926 4703 nuperus

253 4734 441 4833 taciens,
491 4737 743 4849 quandoque
784 4736 987 4851 mergitur
1025 4732 1354 4850 madefactisque
1401 4734 1557 4852 plumis
1599 4770 1727 4823 manu
1766 4736 1923 4853 capitur.

254 4894 352 4970 Vox
379 4916 491 4984 tara,
518 4884 721 4974 iracundo
748 4891 836 4975 fere
865 4889 1059 4979 Cornicis
1086 4888 1158 4975 vel
1184 4886 1310 4975 Picae
1339 4890 1517 4975 aemula.
1585 4889 1776 5009 Frigoris
1812 4888 1920 4999 impe
