4410 5910
938 437 946 446 1

288 673 396 760 triae
433 699 529 757 suae
564 667 708 756 vicina
743 689 787 753 et
821 671 976 754 localia
1009 688 1277 771 manserunt,
1317 690 1362 755 et
1396 673 1511 785 quod
1556 667 1639 755 alia
1678 672 1913 785 (cumpace
1943 686 1995 760 ot

292 826 523 932 africana).
546 819 721 906 asiatico
756 826 853 932 jugo
897 822 1067 922 desunt,
1112 819 1273 907 circulo
1305 825 1494 936 quodam
1540 819 1877 906 ratiocinationis
1922 828 1993 911 sd-

290 974 393 1062 strui
429 972 598 1056 videtur
630 969 830 1086 pristinus
868 970 986 1084 globi
1022 973 1154 1056 nostri
1188 995 1340 1076 status,
1386 1002 1514 1087 quem
1547 994 1612 1058 tot
1648 972 1732 1057 alia
1775 971 1994 1088 primaeva

290 1134 477 1213 Naturae
506 1145 778 1210 monumenta
805 1143 1028 1207 stratorum
1055 1122 1314 1209 terrestrium
1352 1124 1518 1240 paginis
1554 1124 1759 1238 inscripta
1791 1138 1993 1212 asserunt

290 1285 443 1390 Neque
473 1277 556 1359 alia
584 1297 648 1359 est
673 1273 795 1376 ratio,
824 1302 898 1356 cur
925 1275 1123 1359 America
1152 1274 1443 1360 meridionalis
1467 1279 1553 1361 fere
1577 1305 1722 1360 omnes
1753 1273 1994 1391 plantarun‘r

297 1426 626 1541 animaliumque
655 1424 805 1539 glebae
831 1423 1101 1509 addictomm
1128 1424 1291 1541 species
1319 1425 1553 1542 peculiares
1580 1424 1726 1513 habet.

432 1663 503 1748 Sic
532 1660 643 1747 mihi
670 1661 838 1747 videtur
866 1693 889 1744 a
923 1664 1030 1776 lugo
1067 1667 1319 1778 carpathico
1360 1685 1406 1749 et
1440 1696 1464 1747 a
1490 1667 1704 1762 Caucaso,
1730 1661 1859 1777 eique
1889 1672 1995 1750 'con—

298 1815 418 1901 nexis
447 1814 676 1898 Armeniae
712 1837 756 1897 et
783 1813 949 1898 Persiae
976 1815 1085 1927 jugis
1111 1814 1382 1930 processisse:
1423 1815 1537 1901 Felis
1573 1826 1742 1929 caspica
1778 1839 1823 1899 et
1858 1819 1996 1903 dome·

294 1978 413 2064 stica,
440 1967 623 2050 Mustela
648 1977 894 2064 sarmatica,
925 1954 1020 2048 Mus
1050 1967 1263 2081 Typlrlus,
1303 1967 1422 2052 etin
1457 1971 1610 2053 eodem
1647 1966 1822 2082 alpestri
1856 1989 2001 2053 tractu

296 2117 434 2203 adhuc
454 2116 634 2200 insulata
655 2117 825 2199 vivunt:
854 2121 1093 2230 Aegoceros
1122 2127 1381 2217 caucasicus,
1418 2120 1586 2204 Sciums
1623 2116 1879 2229 rufinentris,
1923 2120 1997 2204 So·

295 2299 369 2352 rex
405 2277 574 2355 auritus.
633 2266 758 2352 Circa
790 2270 985 2354 Ucalense
1008 2276 1156 2387 jugum
1182 2270 1338 2354 locales
1368 2293 1483 2355 sunt:
1512 2277 1649 2384 Lepus
1677 2277 1865 2385 pusillus,
1894 2275 1991 2353 Mus

301 2427 482 2533 talpinus
509 2440 553 2502 et
581 2418 689 2503 aliae
715 2421 870 2533 plures.
929 2421 999 2503 Ad
1028 2450 1225 2533 magnum
1255 2420 1438 2534 denique
1462 2429 1609 2538 jugum
1648 2431 1869 2505 asiaticum
1903 2451 1997 2535 per-

297 2572 456 2654 tinent:
500 2571 685 2655 Bubalus
719 2591 987 2684 spontaneus,
1018 2572 1214 2656 Camelus
1242 2573 1497 2670 bactrianus,
1525 2571 1730 2684 Antilope
1756 2546 2008 2682 gutturosai,

297 2718 498 2806 Moschus
526 2723 770 2831 odonfenrs,
799 2721 921 2804 Feles
952 2723 1130 2834 Tygris,
1171 2723 1304 2821 Once,
1331 2726 1491 2819 Manul,
1512 2725 1680 2839 jubata3
1710 2721 1894 2806 Mustela
1922 2723 1993 2805 Zi-

297 2871 448 2958 bollina
483 2894 527 2956 et
561 2874 751 2967 sibinen:
799 2876 931 2956 Sorex
966 2883 1145 2959 minutus
1179 2896 1223 2958 et
1259 2894 1511 2989 pygmaeum
1554 2873 1780 2962 Erinaceus
1816 2883 2007 2971 aurium:

299 3028 436 3137 Lepus
465 3030 641 3139 alpimts,
674 3026 796 3108 Talai
824 3042 867 3109 et
895 3024 1091 3135 Ogotona
1140 3022 1277 3137 (haec
1312 3024 1489 3136 quidem
1524 3022 1790 3108 orientaliori
1815 3023 1993 3138 regione

298 3173 663 3288 circumscripta);
701 3181 841 3258 Mures
869 3178 1086 3288 Aspalaa,
1125 3206 1371 3261 moriamur
1406 3173 1578 3289 aliique.
1637 3179 1701 3256 Et·
1717 3178 1994 3288 quemadmo-

298 3326 400 3411 dum
438 3323 517 3409 hae
556 3325 718 3442 species
751 3325 798 3409 in
831 3325 1072 3410 borealibus
1108 3329 1161 3412 ad
1203 3325 1287 3413 hoc
1328 3325 1610 3411 vastissimum
1652 3332 1805 3440 Jugum
1847 3320 1997 3408 referri

300 3479 455 3562 debere
483 3476 683 3594 idemque
711 3502 929 3594 tamquam
955 3476 1136 3593 patriam
1165 3507 1390 3593 agnoscere
1417 3477 1635 3579 videntur,
1678 3476 1741 3560 ita
1769 3474 1900 3559 etiam
1929 3505 1998 3559 au-

301 3627 439 3711 stralis
465 3631 655 3741 ejusdem
684 3632 920 3731 descensus,
951 3629 1118 3717 Indiam
1146 3660 1286 3715 versus
1314 3654 1360 3714 et
1387 3628 1562 3712 Siner‘rse
1591 3627 1834 3744 Imperium,
1862 3598 1999 3709 multa

301 3773 433 3862 habet
460 3778 705 3893 peculiaria,
735 3779 906 3865 Africae
935 3805 980 3866 et
1005 3782 1229 3868 Americae
1259 3787 1478 3897 denegata.
1534 3779 1662 3867 Asiae
1684 3803 1828 3864 contra
1851 3780 1997 3863 deesse

304 3927 501 4013 videntur
528 3959 583 4014 ex
612 3933 842 4049 Europaeis
870 3956 915 4017 et
940 3933 986 4019 in
1015 3932 1165 4018 Rossia
1191 3930 1348 4049 partim
1374 3921 1581 4047 europaea
1610 3930 1869 4045 vulgaribus:
1898 3928 1997 4014 Cer·

304 4110 378 4165 vus
407 4082 559 4178 Dama,
587 4083 700 4167 Felis
728 4088 869 4188 Catus,
901 4087 1084 4171 Mustela
1110 4089 1268 4171 Mortes
1293 4108 1338 4170 et
1364 4095 1608 4183 turmatim,
1643 4061 1820 4167 Virerra
1857 4084 1997 4164 Lutra-

306 4238 388 4331 ola,
417 4230 644 4319 Erinaceus
664 4244 862 4350 uulgaris,
889 4241 1022 4322 Sorax
1051 4242 1285 4324 morabatur
1311 4260 1356 4323 et
1384 4246 1621 4355 aquaticus,
1649 4241 1785 4349 Lepus
1814 4230 1998 4328 timidam,

306 4388 401 4467 Mus
440 4382 625 4503 Typbla,
660 4396 827 4490 arvalis,
853 4398 1088 4507 sylvestris,
1124 4392 1294 4492 Battus,
1333 4411 1377 4481 et
1413 4391 1520 4473 forte
1556 4392 1666 4489 Glis,
1707 4394 1919 4504 queremus
1952 4400 1998 4464 et

308 4542 596 4624 avellanarius.

445 4757 643 4841 Tandem
667 4789 764 4847 cum
788 4762 981 4849 Ameriae
1008 4762 1166 4851 boreali
1191 4760 1392 4878 equidem
1418 4784 1649 4846 communes
1674 4752 1808 4840 babet
1838 4749 1997 4838 Sibirln

310 4913 464 5020 species
490 4925 693 4998 terrama
718 4917 981 5004 hamanum
1007 4915 1153 5018 varias,
1183 4944 1268 4999 non
1302 4938 1446 4999 atatem
1479 4932 1600 5000 maan
1621 4926 1800 4994 numero
1825 4935 1877 4990 rc
1905 4929 1998 4990 ere·
