4410 5910
244 438 337 523 400

253 638 566 730 subarcuatum,
594 616 899 737 compressum,
928 616 1160 727 integrum,
1191 603 1545 711 obtusiusculum,
1582 598 1812 690 ruberrimi
1839 602 1951 689 colo

256 773 328 871 ris.
386 783 593 867 Vibrissoe
621 806 744 889 supra
773 798 893 856 nares
922 770 1083 880 largae,
1111 763 1312 849 fasciculo
1327 761 1452 861 -lato,
1493 759 1733 844 rotundato.
1790 758 1952 842 Setulae

259 934 445 1021 minutae
483 961 606 1045 supra
650 925 734 1010 oris
776 923 962 1036 angulos.
1036 922 1195 1028 Lingua
1236 919 1380 1017 rubra,
1422 914 1568 1028 plana,
1609 911 1951 1011 membranacea,

260 1087 382 1202 apice
424 1082 556 1168 bifido
571 1132 583 1146 ·
599 1080 751 1163 lacera.
814 1076 946 1158 Irides
974 1075 1127 1155 fuscae.
1198 1068 1448 1182 Magnitudo
1476 1066 1563 1149 fere
1590 1057 1789 1148 cornicis.
1860 1063 1955 1147 Cor·

260 1257 504 1349 pastorum
532 1229 795 1331 stertimum,
836 1221 1130 1338 splendidum
1171 1227 1265 1306 alae
1300 1243 1424 1304 extus
1451 1240 1496 1302 et
1522 1217 1660 1301 cauda
1685 1244 1786 1299 eum
1815 1211 1955 1327 aliquo

261 1388 530 1487 coerulante,
575 1380 756 1467 viridive
787 1377 938 1462 nitore.
995 1376 1102 1460 Aloe
1129 1373 1413 1488 compositae,
1454 1373 1632 1456 caudam
1675 1369 1954 1466 excedentes3

173 1548 180 1559 ’
262 1548 439 1649 remiges
474 1571 534 1641 19.
562 1532 699 1649 prima
728 1512 911 1615 dimidio
938 1526 1129 1631 brevior,
1171 1541 1196 1612 3
1238 1547 1284 1609 et
1318 1543 1344 1631 4
1382 1520 1653 1636 longissimae
1682 1540 1729 1604 et
1756 1518 1812 1603 ad
1839 1516 1955 1633 quin·

263 1713 354 1773 tam
383 1716 527 1771 omnes
556 1706 754 1798 angustae
784 1714 808 1765 a
837 1679 949 1778 basi;
992 1703 1112 1764 roret
1145 1695 1206 1766 13·
1235 1676 1426 1762 obsoleta
1455 1671 1755 1788 emarginatae.
1814 1673 1957 1758 cauda

264 1837 471 1952 aequalis,
502 1834 743 1950 latipennis.
802 1833 930 1916 Pedes
957 1830 1141 1935 corvini,
1172 1828 1426 1944 longiusculi
1455 1826 1685 1940 sanguineo
1699 1875 1714 1890 ·
1727 1823 1865 1925 rubri3
1900 1824 1956 1908 di·

261 2000 347 2106 giti
373 1987 603 2090 breviculi3
632 2016 788 2100 uugm
813 1981 939 2095 nigri.
1007 1985 1172 2068 Pondus
1201 1984 1327 2094 vulgo
1354 1978 1573 2069 unciarum
1602 1993 1642 2064 8.
1654 2006 1772 2062 eum
1799 2011 1824 2060 a
1853 1977 1907 2060 ad
1931 1988 1955 2060 6

269 2140 498 2228 drachmis.
567 2143 802 2238 Mensurae,
848 2135 901 2216 ad
943 2134 1194 2249 uropygium
1222 2138 1283 2219 δ”.
1314 2136 1383 2217 2'‘'.
1412 2130 1571 2217 caudae
1599 2134 1661 2217 δ”.
1697 2132 1766 2214 ι’”.
1824 2128 1954 2215 Ulnae

270 2295 431 2378 alarum
466 2294 548 2375 1·'‘.
581 2296 651 2374 2‘''.
677 2315 957 2402 expansarum
988 2288 1036 2370 2'.
1065 2296 1129 2388 ᾤ’.
1159 2320 1197 2370 o.
1223 2284 1350 2369 rostri
1393 2290 1446 2370 ad
1488 2284 1643 2368 rictum
1680 2283 1742 2368 a'‘.
1772 2283 1829 2367 ad
1855 2282 1955 2365 froa-

267 2468 358 2530 tem
395 2445 448 2525 1'‘.
485 2444 578 2523 10''‘.
605 2439 807 2524 tibiarum
842 2438 897 2518 1''.
926 2438 997 2522 6‘''.
1026 2437 1154 2550 digiti
1175 2436 1309 2521 medii
1330 2468 1426 2522 cum
1453 2439 1586 2549 (tam.)
1614 2460 1756 2548 ungue
1790 2433 1846 2517 r'‘.
1876 2432 1954 2526 33⁸2

269 2591 496 2681 exterioris
524 2622 621 2676 cum
650 2596 760 2702 (tm.)
797 2618 934 2704 ungue
981 2592 1092 2678 roem.
1133 2589 1350 2676 interioris
1392 2621 1490 2679 cum
1530 2589 1644 2699 (5⁰¹.)
1680 2614 1825 2701 ungue
1872 2588 1954 2667 11‘''.

271 2744 430 2864 postici
456 2773 554 2829 cum
585 2744 689 2856 (dm.)
718 2773 856 2858 ungue
891 2742 945 2827 1⁰.
982 2741 1047 2826 1'“.
1084 2812 1088 2821 .
1202 2768 1205 2773 ·

411 2987 563 3070 Noto.
619 2985 877 3068 Gmelinua
905 3011 987 3064 sen.
1017 2979 1207 3099 prodidit
1241 2983 1366 3077 Junio
1413 2994 1538 3096 1738.
1572 2980 1717 3067 vivam
1756 2975 1958 3094 juniorem

276 3166 398 3225 avem
425 3134 550 3247 hujus
578 3133 738 3251 speciei
767 3131 963 3247 Selengia
992 3138 1045 3219 ad
1074 3165 1172 3219 eum
1199 3134 1386 3240 missam,
1417 3164 1524 3249 quae
1553 3131 1657 3219 nido
1684 3153 1857 3217 exemto
1884 3130 1959 3213 lue·

278 3313 363 3395 rat,
406 3285 452 3372 in
487 3309 712 3403 praerupta
740 3315 841 3400 rupe
870 3287 923 3417 ad
941 3264 1228 3399 'Tschikojum
1270 3289 1311 3373 fl.
1353 3285 1541 3373 condito.
1610 3290 1777 3371 Vocem
1817 3283 1959 3367 edebat

277 3441 556 3541 Monedulae;
585 3454 764 3524 rostrum
793 3433 931 3521 adhuc
959 3437 1125 3551 nigrum
1155 3460 1198 3521 et
1226 3442 1357 3556 pedes
1385 3438 1691 3555 nigrescentes,
1722 3464 1820 3523 cum
1850 3433 1959 3547 nigro

278 3592 408 3679 totius
435 3589 624 3706 corporis
653 3591 795 3675 colore
825 3586 1058 3674 obtinebat.
1128 3564 1227 3672 Post
1252 3592 1359 3677 duos
1386 3564 1547 3676 menses
1582 3617 1686 3705 ¹vero
1715 3585 1843 3671 rostri
1868 3583 1959 3671 inse

280 3743 368 3827 rior
395 3741 570 3824 maxilla
597 3762 706 3842 tota,
735 3740 927 3859 superior
955 3740 1095 3857 apice,
1134 3762 1177 3825 et
1205 3744 1336 3856 pedes
1365 3741 1619 3828 miniaceam
1646 3737 1878 3826 induerunt
1901 3760 1959 3823 co·

282 3894 438 3992 lorem;
479 3913 653 4005 tumque
694 3915 857 3977 mortua
884 3891 967 3976 luit
995 3925 1018 3976 a
1046 3891 1202 4007 frigore
1230 3893 1276 3981 in
1304 3893 1404 3978 navi
1430 3921 1648 4009 perpesso,
1694 3897 1814 4003 cujus
1841 3889 1959 4004 impr

280 4044 391 4130 tiens
420 4028 656 4129 videbatur.
685 4043 1005 4163 ¹Selengienses
1033 4065 1121 4129 tum
1165 4047 1417 4147 retulerunt,
1458 4042 1575 4129 haud
1613 4041 1675 4127 ita
1714 4041 1883 4159 pridem
1921 4036 1958 4123 in

282 4196 524 4311 regionibus
551 4194 644 4279 istis
672 4192 908 4311 apparuisse
938 4190 1014 4279 has
1040 4226 1138 4279 aves
1166 4219 1210 4280 et
1238 4230 1262 4281 a
1291 4196 1574 4284 Chinensibus
1601 4193 1828 4296 enutritas,
1857 4214 1958 4277 more

283 4345 559 4431 Psittacorum
589 4376 712 4433 voces
753 4344 955 4431 humanas
1002 4345 1181 4452 imitari,
1226 4352 1336 4432 unde
1379 4373 1480 4434 tunc
1526 4348 1747 4432 Tsclrernoi
1786 4346 1959 4463 Popugoi

290 4497 523 4609 (Psittacos
551 4496 718 4611 nigros)
761 4497 1046 4613 appellabant.
1116 4502 1198 4583 Sed
1234 4504 1507 4586 confuderant
1534 4501 1641 4583 forte
1670 4529 1769 4583 cum
1797 4496 1957 4583 Grauia

287 4657 503 4763 religiosa,
533 4677 659 4763 quam
689 4649 883 4736 Sinensea
912 4648 1089 4734 subinde
1118 4654 1330 4757 adferunt,
1362 4676 1541 4769 atquae
1567 4681 1666 4738 vere
1689 4649 1843 4739 docilis
1867 4664 1934 4732 est
