4410 5910
250 480 308 561 52
1012 480 1159 535 ==

390 683 559 801 Species
588 681 769 769 arcticae
797 680 975 796 frigidae
1005 689 1145 768 Zonae
1174 681 1365 785 addicta,
1409 711 1549 766 versus
1579 705 1762 769 austrum
1789 708 1942 803 sponte

252 802 335 920 nori
376 838 485 921 ultra
526 843 672 919 LX¹¹²¹²¹¹²
719 838 892 949 gradum
935 836 1060 920 facile
1102 857 1319 950 evagatur,
1362 856 1653 951 praeterquam
1689 834 1735 922 in
1771 838 1941 945 ultimo,

250 988 450 1073 orientali
491 987 672 1073 Sibiriae
714 988 886 1102 angulo,
928 987 1003 1071 ubi
1043 1018 1128 1071 non
1170 988 1306 1072 solum
1342 987 1395 1070 ad
1424 987 1561 1071 sinum
1590 985 1936 1097 Penshinensem,

251 1142 324 1223 sed
352 1162 396 1222 et
423 1139 469 1223 in
499 1137 837 1226 Camtscbatcam
864 1162 1104 1241 excurrunt,
1134 1138 1270 1253 glacie
1298 1138 1402 1223 illuc
1430 1168 1506 1254 per
1533 1168 1646 1225 mare
1668 1162 1829 1244 vectae,
1860 1150 1968 1258 qus‘

251 1290 380 1374 etiam
410 1291 455 1375 in
483 1292 665 1376 insulam
693 1291 883 1404 Beringii
912 1314 956 1375 et
984 1289 1201 1375 Aleuticas
1238 1291 1298 1377 sic
1336 1291 1470 1376 dictas
1507 1320 1585 1375 nec
1625 1321 1710 1377 non
1737 1291 1784 1376 in
1813 1324 1942 1411 eppo

253 1439 376 1527 sitam
417 1444 679 1546 Amerinam,
723 1444 963 1560 pervenisse
1005 1441 1210 1527 credibile
1238 1466 1322 1546 est,
1366 1443 1440 1527 ubi
1456 1441 1666 1558 ,prolifica
1693 1476 1766 1529 sua
1794 1469 1941 1534 natura

254 1597 334 1702 (ad
363 1595 587 1680 duodecim
628 1595 745 1680 enirn
780 1619 825 1679 et
860 1597 969 1680 ultra
998 1595 1158 1680 catulos
1187 1595 1380 1711 pariunt)
1423 1593 1548 1677 facile
1590 1595 1938 1712 multiplicarunt.

252 1748 437 1861 Suntque
466 1747 511 1830 in
540 1745 609 1831 his
636 1748 784 1832 insulis
813 1748 920 1831 adeo
949 1745 1175 1831 familiares
1204 1769 1247 1830 et
1284 1745 1520 1862 procaculi,
1564 1746 1689 1831 simul
1730 1770 1774 1832 et
1815 1752 1939 1835 fame·

250 1896 345 2000 lici,
389 1920 434 1981 ut
463 1899 769 1984 dormientibus
799 1898 1013 2016 quaelibet
1041 1900 1273 2001 esculenta,
1311 1897 1399 1981 imo
1439 1899 1723 1983 calceamenta
1752 1921 1799 1984 et
1827 1901 1939 2017 quic·

250 2048 353 2163 quid
381 2051 550 2135 comedi
578 2082 699 2166 posse
728 2054 917 2154 credunt,
951 2053 1203 2153 aufurentur,
1234 2050 1309 2136 vix
1337 2049 1499 2134 baculis
1529 2049 1741 2164 abigendi.
1810 2052 1938 2139 Omni

252 2222 464 2287 caeterum
493 2202 666 2287 animali
695 2203 831 2307 victu,
876 2202 1008 2287 etiam
1035 2202 1242 2317 piscibus,
1288 2202 1465 2316 aliisque
1495 2199 1621 2285 maris
1650 2205 1937 2314 ejectamentit

251 2351 460 2454 contenti,
491 2353 527 2435 si
555 2353 637 2437 alia
666 2354 836 2438 venatio
864 2353 987 2438 desit.
1047 2360 1096 2435 In
1124 2353 1244 2438 terris
1276 2353 1441 2438 arcticis
1470 2351 1716 2469 praesertim
1745 2354 1938 2471 migrato

251 2501 336 2586 rios
366 2533 503 2587 mures
532 2526 742 2589 sectantur
770 2529 813 2589 ct
841 2535 964 2621 saepe
994 2535 1091 2589 cum
1127 2505 1179 2590 iis
1216 2504 1527 2618 transmigrant.
1585 2511 1737 2591 Latent
1772 2508 1939 2594 cunicu-

253 2653 305 2737 lis
333 2655 503 2770 propria
531 2686 658 2770 opera
687 2656 868 2760 effossis,
911 2680 956 2740 et
996 2679 1125 2742 noctu
1165 2654 1411 2773 praesertim
1453 2680 1666 2769 vagantur.
1735 2656 1937 2761 Juniores,

253 2836 356 2920 quos
385 2806 503 2891 domi
533 2807 638 2910 alui,
670 2815 894 2922 Mangasea
923 2831 1143 2923 acceptos,
1174 2829 1293 2890 erant
1321 2806 1647 2911 mordacissimi,
1691 2811 1939 2923 praesertim

253 2988 407 3059 mares3
436 2961 635 3044 foemella
663 2959 812 3063 minor,
843 2960 1047 3059 debilior,
1077 2962 1304 3044 admodum
1324 2957 1544 3043 familiaris
1561 2962 1671 3044 facta
1695 2982 1779 3065 est,
1810 2960 1939 3049 etho·

253 3108 360 3193 mini
388 3110 518 3194 instar
547 3112 660 3195 canis
707 3111 856 3196 amica.
929 3111 1124 3196 Iracundi
1153 3142 1304 3196 canum
1333 3140 1448 3194 more
1477 3111 1804 3224 subgrunniunt,
1848 3144 1939 3200 ocu·

253 3259 306 3345 lis
349 3261 478 3346 viridi
521 3264 974 3380 resplendescentibus,
1019 3264 1212 3377 interque
1255 3292 1298 3346 se
1335 3261 1520 3345 rixantes
1550 3263 1798 3347 catellorum
1826 3294 1939 3350 more

251 3412 447 3498 clamant.
518 3416 659 3500 Etiam
687 3415 957 3532 impatientes
986 3414 1091 3499 exili
1121 3442 1225 3498 voce
1255 3414 1427 3524 ejulant.
1486 3415 1568 3497 Sed
1596 3414 1793 3499 latratum
1821 3446 1938 3533 spon·

250 3586 420 3650 taneum
450 3568 519 3650 vel
557 3599 707 3652 vocem
736 3567 837 3650 alias
866 3568 997 3650 ullam
1025 3594 1154 3680 usque
1185 3567 1238 3651 ad
1265 3563 1545 3650 Novembrim
1574 3594 1789 3679 nunquam
1816 3592 1937 3649 exau·

252 3715 364 3819 divi,
408 3719 512 3803 licet
541 3721 616 3803 sub
645 3718 838 3804 conclavi
867 3718 1176 3803 detinebantur.
1241 3724 1352 3800 Tum
1381 3746 1481 3800 vero
1510 3715 1649 3802 senior
1677 3746 1766 3799 mas
1795 3748 1821 3799 a
1848 3710 1938 3799 reli·

254 3866 348 3979 quis
390 3894 646 3983 segregatus,
690 3870 818 3984 inque
861 3870 956 3954 loco
998 3873 1174 3954 obscuro
1216 3867 1404 3984 captivus
1445 3868 1521 3950 sub
1564 3896 1782 3983 vesperam
1819 3868 1939 3951 edere

252 4021 396 4134 coepit
424 4021 619 4105 latratum
647 4021 919 4135 singularem,
964 4052 1090 4136 quern
1118 4044 1264 4137 postea
1293 4018 1455 4135 saepius
1497 4016 1719 4120 exaudivi,
1758 4016 1940 4103 similem

254 4194 399 4255 cantus
428 4173 673 4286 gallinacei,
704 4174 785 4259 nisi
816 4173 1070 4287 graviorem,
1102 4172 1287 4258 maxime
1309 4200 1525 4271 sonorum,
1556 4190 1820 4255 constantem
1849 4200 1939 4285 qus·

252 4346 366 4426 tuor,
409 4325 595 4440 quinque
637 4328 707 4410 vel
748 4357 823 4411 sex
865 4326 977 4410 sonis
1019 4326 1107 4411 cito
1154 4322 1523 4440 subsequentibus,
1562 4351 1742 4436 quorum
1768 4320 1939 4407 ultimus

252 4479 379 4589 paulo
409 4479 590 4582 acutior,
630 4479 747 4593 quasi
785 4479 942 4592 ejulatu
978 4481 1219 4594 productus.
1289 4483 1390 4562 Non
1427 4496 1569 4559 autem
1596 4474 1744 4561 creber
1772 4495 1857 4575 est,
1897 4490 1939 4555 nt

252 4656 403 4713 canum
431 4631 624 4734 latratus,
668 4635 742 4718 sed
778 4654 942 4715 tantum
978 4632 1109 4715 semel
1146 4630 1372 4730 iterumve,
1415 4656 1493 4742 per
1527 4633 1685 4738 majora
1719 4622 1936 4711 intervall·

253 4780 404 4865 editur.
469 4786 626 4870 Sedent
662 4807 708 4869 ut
744 4814 888 4887 canes,
927 4782 1111 4868 rixantes
1150 4785 1257 4868 alter
1285 4783 1462 4866 alterum
1490 4802 1624 4863 terrae
1652 4776 1833 4893 pedibus
1860 4772 1935 4859 affi-

254 4958 357 5015 xum
383 4939 556 5021 tenebat
583 4959 627 5021 et
654 4967 730 5052 per
757 4937 981 5022 intervalla
1011 4937 1256 5025 morsitabat
1292 4933 1457 5020 acriter.
1514 4931 1673 5018 Carnes
1700 4929 1933 5043 qudescun·
