4410 5910
249 401 342 510 436
1024 423 1170 475 a

373 651 383 659 ”
465 625 749 742 Kingsfisher,
773 627 892 713 Zool.
923 624 1070 711 britan.
1100 657 1141 740 p.
1166 637 1232 713 δα.
1253 624 1338 710 tob.
1363 604 1409 710 F.
1429 604 1515 736 fig,
1543 642 1628 736 opt.
1651 619 1725 706 sed
1739 617 1938 733 grandior

524 788 718 867 naturali.
774 767 964 865 Lashom.
993 809 1088 890 syn.
1116 780 1172 860 ll.
1202 810 1243 893 p.
1272 788 1365 864 626.
1516 790 1521 795 '

466 928 876 1048 Mamm-pachom,
906 934 1071 1043 Buffon.
1100 934 1249 1016 omith.
1278 932 1369 1017 VII.
1396 959 1497 1047 pag.
1533 938 1621 1031 164.
1649 923 1935 1011 D’Aubertton·

523 1095 629 1171 icon.
659 1091 737 1170 col.
769 1117 809 1168 n.
838 1118 906 1194 77.

466 1238 634 1322 Alcedo
663 1235 825 1349 Ispida,
860 1236 951 1318 Ltn.
980 1254 1085 1346 syst.
1112 1237 1148 1321 l.
1176 1268 1217 1349 p.
1253 1267 1340 1342 ¹79·
1369 1248 1434 1350 sp,
1461 1246 1500 1319 3.

265 1414 266 1419 ‘
357 1390 531 1477 Rossice
576 1394 644 1497 (ut
686 1386 878 1495 Cinclus)
927 1386 1150 1471 Wodoenoi
1195 1385 1385 1473 Worobei
1411 1378 1648 1499 (aquatilis)
1684 1386 1851 1482 Passer;
1893 1381 1939 1466 in

413 1540 597 1628 Uerania
624 1541 866 1624 Simorodols
907 1535 1082 1650 (hyeme
1111 1545 1247 1649 nata);
1293 1559 1338 1622 et
1366 1541 1558 1637 [wanoh
1598 1533 1646 1619 in
1674 1531 1834 1629 Sibiria
1860 1536 1943 1620 Ko-

363 1750 365 1755 ·
414 1701 575 1780 mennoi
608 1691 796 1776 Worobe'i
824 1694 988 1797 (Passer
1016 1688 1241 1793 saxatilis,
1266 1679 1381 1803 quod
1409 1688 1567 1774 rivulos
1594 1715 1764 1772 saxosos
1794 1695 1940 1800 amat).

410 1843 578 1929 Tataris
613 1841 856 1927 monticolis
897 1840 1014 1926 circa
1042 1848 1151 1926 Tom
1187 1843 1229 1924 fl.
1271 1841 1516 1954 Kogudbser
1555 1859 1602 1923 et
1637 1840 1944 1933 Kolrtonotsclr5

414 1995 593 2110 Kirgisis
621 1997 941 2108 Sat-Kysgisch.
1015 1991 1252 2080 Calmuccis
1279 1978 1599 2090 Chunclsatolils5
1637 1991 1834 2076 Teleutis
1863 1994 1942 2077 Ko-

414 2150 719 2261 enachigaaat

387 2300 513 2386 Circa
540 2298 689 2384 fluvios
718 2304 895 2410 majores
923 2298 1097 2385 Rossiae
1124 2299 1374 2414 praesertim
1401 2301 1605 2414 Volgam,
1645 2289 1863 2411 copiosius
1890 2298 1942 2381 ad

251 2453 379 2557 Irtin,
421 2450 607 2537 maxime
649 2453 702 2535 ad
744 2449 901 2534 rivulos
929 2453 1139 2553 Alta'icos,
1183 2450 1283 2535 dein
1325 2454 1379 2536 ad
1405 2451 1616 2537 Jeniseam
1643 2449 1788 2533 oblata
1837 2447 1944 2532 mihi

253 2604 346 2690 tuit.
404 2606 656 2689 Gmelinus
684 2623 728 2686 et
753 2604 1238 2688 Messerschmidius
1271 2624 1436 2688 tantum
1462 2601 1575 2690 circa
1602 2607 1713 2685 Tom
1741 2603 1843 2686 lluv.
1873 2603 1941 2686 ob·

252 2777 485 2842 servarunt.
554 2762 604 2839 In
641 2751 838 2839 orientali
878 2753 1034 2840 Sibiria
1061 2757 1200 2854 deest,
1241 2757 1391 2841 saltem
1431 2790 1455 2840 a
1497 2753 1667 2840 nemine
1708 2754 1941 2839 observata.

253 2905 454 2995 Solitaria
481 2904 584 2991 avis.
649 2903 780 2990 Initio
809 2904 916 3020 Maji
944 2936 998 2991 ex
1028 2906 1340 2992 australioribus
1369 2911 1582 2992 adventat.
1636 2903 1864 3010 Urinatur,
1894 2906 1941 2990 ad

253 3058 480 3175 pisciculos
507 3080 552 3143 et
579 3056 740 3142 insecta
767 3086 822 3142 ex
852 3057 971 3173 aquis
1006 3061 1203 3174 petenda.
1272 3062 1479 3170 Nidificat
1518 3056 1565 3143 in
1607 3053 1711 3172 ripis
1750 3056 1942 3172 petrosis,

255 3210 454 3297 cuniculo
480 3209 670 3323 Meropis
706 3208 776 3294 vel
813 3209 1062 3295 Hirundinis
1104 3211 1283 3327 ripariae
1323 3209 1474 3310 instar,
1520 3239 1646 3325 saepe
1687 3210 1744 3295 ad
1785 3211 1946 3325 aliquot

255 3363 416 3478 pedum
454 3363 789 3478 profunditatem
821 3384 1047 3465 excavato,
1088 3361 1134 3448 in
1176 3363 1327 3478 quibus
1366 3385 1540 3447 stratum
1579 3389 1606 3445 e
1644 3359 1946 3476 pisciculorum

256 3510 462 3626 squamis,
507 3513 643 3598 aristis
684 3537 728 3598 et
765 3515 981 3629 pelliculis
1011 3508 1243 3599 'exsiccatis
1284 3535 1527 3628 congerunt.
1596 3512 1737 3600 Oualo
1765 3527 1813 3616 6,
1853 3533 1946 3624 7et

257 3664 400 3776 plura,
428 3667 616 3777 pondere
630 3663 869 3786 drachmae,
900 3665 1259 3781 globoso-oralia,
1272 3754 1275 3759 ,
1289 3665 1452 3765 albida,
1481 3663 1780 3750 aubincarnato
1801 3666 1944 3762 tincta,

258 3813 468 3899 diametro
495 3813 690 3898 verticuli
711 3815 805 3931 plus
825 3816 963 3901 minus
992 3820 1084 3900 rom.
1110 3839 1345 3902 transverso
1374 3820 1445 3902 8⁰2
1463 3788 1515 3883 ’-’
1542 3814 1798 3932 Superstitio
1819 3817 1945 3902 etism

259 3936 424 4050 dehac
453 3963 670 4050 aveinter
704 3966 851 4079 vulgus
893 3966 1023 4053 varia.
1095 3967 1214 4052 Sicca
1254 3997 1279 4051 e
1318 3969 1390 4054 filo
1429 3965 1476 4052 in
1515 3965 1712 4053 conclavi
1753 3997 1945 4085 srmpense

256 4145 423 4232 semper
449 4139 594 4232 pectus
622 4117 742 4202 flanti
769 4140 897 4202 vento
925 4122 1147 4206 obvertere
1175 4119 1336 4204 credita
1362 4142 1442 4205 est.
1511 4118 1603 4205 Alii
1642 4141 1829 4208 rostrum
1862 4127 1943 4234 ejus

259 4266 364 4352 lacti
390 4267 624 4353 immissum
652 4266 955 4384 pinguedinem
984 4279 1072 4380 ejus
1100 4300 1310 4356 caseosam
1338 4299 1585 4386 promovere
1613 4272 1810 4358 credunt.
1873 4279 1948 4358 Ta·

259 4417 342 4503 tari
369 4417 548 4504 Sibiriae
585 4443 710 4536 atque
738 4419 902 4508 Ostiaci
940 4420 1141 4508 siccatam
1181 4443 1226 4508 et
1262 4421 1380 4510 corio
1418 4420 1602 4508 insutum
1642 4451 1722 4537 pro
1765 4426 1946 4512 amuleto

260 4568 478 4657 felicitatis
507 4601 648 4657 secum
675 4596 856 4689 portant.

275 4789 279 4796 .
395 4723 440 4806 N
445 4743 544 4807 oto.
602 4722 795 4809 Sibiricis
834 4729 998 4842 pondus
1027 4759 1051 4809 a
1080 4762 1105 4835 7
1135 4728 1187 4810 ad
1223 4747 1266 4834 9}
1288 4721 1525 4812 drachmas
1566 4725 1716 4813 variat.
1787 4732 1946 4816 Colores

258 4869 307 4957 in
333 4871 567 4988 junioribus
595 4897 639 4961 et
667 4876 801 4964 altero
836 4909 940 4966 sexu
979 4844 1293 4986 olrsoletiores,
1319 4878 1457 4970 minus
1485 4878 1726 4995 splendidi,
1770 4904 1816 4969 et
1840 4889 1946 4998 jugu-
