4410 5910
959 307 1170 368 .ae
1643 308 1645 314 ’
1845 309 2019 393 459,

255 511 381 600 ulnae
410 511 569 598 alarum
598 513 657 600 δ”.
687 522 758 620 9'“.
786 531 1062 627 expansarum
1105 515 1188 595 ro“.
1217 516 1289 618 9'''.
1331 508 1454 599 rostri
1494 510 1547 601 ad
1587 509 1769 596 frontem
1796 522 1859 620 γ’.
1888 509 1940 594 ti·

255 664 353 751 biae
388 668 442 779 θ’,
474 670 560 765 alm.
617 663 756 778 Digiti
781 664 916 754 medii
945 671 1062 776 (cum
1089 692 1227 777 ungue
1257 671 1348 776 3''‘.)
1379 666 1452 767 8⁰2
1478 665 1633 779 postici
1660 671 1779 776 (cum
1800 691 1939 778 ungue

249 815 340 927 dm.)
369 816 440 923 9‘'‘.
496 821 691 906 Intestino
732 821 793 928 9''.
823 848 946 905 coeco
978 818 1063 903 duo
1094 848 1241 931 parva,
1270 814 1468 933 pollicari
1495 819 1547 901 ab
1576 846 1656 901 ano
1686 813 1900 901 distantia.
1987 907 1990 911 ,

387 968 431 1050 N
438 989 536 1055 ota.
593 972 795 1055 Abundat
822 968 953 1057 etiam
981 968 1027 1063 in
1056 965 1224 1079 Belgio,
1265 965 1340 1055 ubi
1381 998 1405 1053 a
1440 996 1546 1055 voce
1573 966 1694 1052 inter
1714 967 1942 1052 volandum

251 1118 368 1206 edita
394 1121 599 1204 Kerreltiet
626 1142 832 1226 vocatur,
862 1143 907 1204 et
948 1118 1112 1234 duplici
1152 1118 1445 1235 magnitudine
1480 1121 1745 1221 observatur,
1787 1113 1941 1231 nempe

251 1272 435 1356 minores
462 1269 658 1356 Luscinia
685 1270 800 1358 haud
827 1271 961 1355 multo
1003 1277 1193 1382 majores.
1261 1276 1406 1353 Posset
1443 1267 1550 1355 haec
1590 1269 1698 1373 avis,
1742 1299 1839 1353 cum
1880 1299 1939 1353 se-

251 1421 420 1537 quenti,
463 1422 516 1503 ad
549 1424 813 1537 Muscicapas
848 1453 921 1508 seu
960 1423 1098 1505 Todos
1134 1418 1369 1522 amandari,
1400 1423 1474 1503 sed
1502 1421 1559 1504 ob
1589 1418 1942 1533 magnitudinem,

253 1571 459 1687 rostrique
487 1593 530 1656 et
557 1576 713 1688 pedum
740 1573 1060 1688 proportionem
1084 1570 1237 1656 Turdis
1265 1571 1403 1687 aptius
1431 1573 1769 1659 adnumerantur.

653 1837 778 1904 roo.
851 1774 1263 1900 ¹TURDUS
1313 1790 1541 1902 Aetion.

387 2012 440 2093 T.
469 2039 589 2123 supra
617 2009 788 2096 cinereo
802 2061 816 2075 ·
830 2013 1080 2106 flavescens,
1116 2009 1258 2095 subtus
1287 2005 1473 2107 albidus,
1514 2005 1763 2098 rectricibus
1791 2031 1941 2092 conco·

253 2155 432 2263 loribus,
464 2159 623 2244 extima
652 2163 786 2245 multo
814 2160 1023 2245 breviore.

469 2310 713 2427 Muscicapa
741 2314 914 2415 Aaron,
945 2313 1053 2396 Poll.
1080 2321 1168 2395 itin.
1197 2314 1273 2394 ΙΠ.
1307 2313 1482 2426 append.
1513 2348 1552 2426 p.
1583 2271 1677 2420 695.
1706 2343 1746 2396 n.
1781 2345 1843 2398 11.

388 2466 439 2543 In
469 2464 725 2576 mpestribus
752 2460 983 2560 Dauuriae,
1011 2461 1255 2578 praesertim
1281 2484 1418 2546 tractu
1445 2460 1799 2566 Adon-tschelo,
1829 2461 1942 2546 inter

253 2611 450 2698 Ouonem
491 2635 534 2697 et
583 2613 745 2712 Ononis
787 2620 958 2697 Borsam
999 2616 1098 2698 fluv.
1134 2615 1349 2728 frequens3
1388 2613 1577 2699 solitaria
1612 2613 1722 2713 avis,
1763 2624 1942 2707 camnine

254 2763 448 2877 egregio,
489 2762 710 2848 Lusciniae
750 2762 991 2877 glocitantis
1032 2762 1163 2848 simili
1191 2787 1237 2848 et
1263 2765 1449 2863 aemulo,
1501 2766 1750 2880 praesertim
1776 2762 1943 2880 vesperi
2074 2792 2106 2864 j

253 2941 418 2999 canora.
474 2918 699 3019 Nidulotur
724 2913 770 2996 in
799 2911 993 3025 virgultis
1022 2913 1134 3035 circa
1161 2945 1284 3029 mpes
1312 2914 1607 3000 crescentibus.
1669 2914 1942 3002 Insectivora.
1987 3018 1990 3024 Ι

385 3123 559 3208 Descr.
633 3118 789 3204 Adhuc
832 3116 971 3202 minor
1009 3120 1307 3231 praecedente,
1353 3121 1544 3234 adeoque
1584 3120 1636 3203 ad
1678 3104 1943 3231 Muscicapai

255 3267 382 3354 facile
410 3272 648 3370 referenda,
691 3268 775 3353 nisi
816 3271 949 3352 forma
989 3268 1113 3351 rostri
1141 3290 1185 3351 et
1211 3272 1329 3355 color
1355 3268 1618 3355 simillimam
1644 3267 1824 3353 Junconi
1851 3269 1945 3354 red·

250 3422 384 3506 deret.
442 3425 636 3507 Rostrum
663 3452 867 3517 crassum,
909 3416 1000 3501 basi
1044 3419 1419 3532 depressiusculum
1446 3422 1572 3505 etad
1608 3422 1789 3504 frontem
1818 3447 1944 3532 angu-

254 3569 405 3681 latum3
436 3594 549 3657 setae
578 3593 662 3655 tres
690 3571 876 3683 insignes
905 3600 1027 3685 supra
1053 3569 1138 3654 oris
1168 3575 1360 3685 angulos3
1389 3573 1564 3658 maxilla
1585 3571 1761 3656 inferior
1783 3569 1944 3671 albida3

252 3751 301 3808 os
326 3720 440 3807 intus
466 3722 642 3806 fulvum.
711 3720 817 3805 Avis
845 3752 970 3836 snpra
995 3741 1087 3803 tota
1116 3717 1283 3825 cinereo
1298 3773 1312 3788 ·
1327 3727 1576 3823 flavescens3
1619 3731 1710 3808 lora
1738 3744 1781 3804 et
1806 3729 1946 3838 palpe-

257 3873 355 3958 brae
384 3873 563 3958 albidae.
628 3874 736 3956 Gula
764 3893 808 3954 et
835 3838 985 3984 corpus
1012 3872 1155 3954 subtus
1183 3893 1319 3956 totum
1347 3873 1590 3956 flavescenti
1603 3921 1617 3936 ·
1632 3873 1786 3957 album.
1843 3873 1946 3957 Ata·
1984 3852 1987 3860 ⁵

250 4054 344 4108 ram
387 4052 551 4136 pennae
593 4024 753 4119 fuscae,
795 4019 982 4134 margine
1024 4042 1199 4106 externo
1241 4023 1546 4125 cinerascente,
1589 4022 1791 4106 interiore
1833 4020 1944 4106 albo.

251 4175 401 4258 cauda
434 4175 580 4287 longa,
621 4141 792 4256 cinereo
806 4221 819 4236 ·
833 4169 1090 4269 lascescens,
1131 4173 1378 4259 rectricibus
1419 4170 1572 4257 mediis
1609 4170 1946 4287 subaequalibus,
1990 4281 1997 4292 ι

253 4325 414 4409 extima
442 4322 639 4439 utrinque
667 4323 801 4406 multo
829 4321 1038 4407 breviore.
1093 4324 1241 4421 Pedes,
1281 4324 1401 4409 utin
1429 4326 1731 4443 praecedente,
1773 4321 1949 4422 robusti,

250 4474 378 4572 fusci,
407 4474 576 4561 tibialia
601 4459 789 4559 loricata.
847 4475 1012 4559 Pondus
1039 4472 1127 4556 avis
1150 4473 1445 4562 drachmarum
1472 4489 1580 4588 6·7.
1637 4477 1872 4590 Longitudo
1894 4474 1947 4559 ad

253 4626 507 4745 uropygium
535 4629 599 4715 δ”.
637 4627 730 4712 ιο”’.
760 4596 918 4712 caudae
949 4626 1009 4712 δ”.
1031 4625 1126 4712 alm.
