4410 5910
1051 414 1204 476 ΕΞ
1294 505 1300 509 .
1875 416 1961 502 161

266 620 434 747 quotics
463 613 609 742 accepi
637 615 821 711 calculos
848 617 1202 737 elegantissimos,
1247 645 1371 713 extus
1399 623 1628 717 muricatos
1651 630 1723 719 vel
1751 630 1963 748 11111111,Ι

265 782 465 881 solidos,⁴
487 775 711 865 stalactitis
738 778 826 861 fere
860 774 996 861 instar
1020 779 1198 893 politos,
1242 778 1425 867 olivacei
1453 784 1620 888 coloris.
1677 787 1830 874 Talem
1871 795 1960 881 fers

264 933 472 1052 exprimit
500 931 597 1018 icon
627 934 739 1048 apud
767 930 917 1016 Sebcm
943 932 1042 1018 thes.
1072 938 1127 1019 ΙΙ.
1157 930 1243 1020 tob.
1280 947 1368 1018 113.
1388 936 1474 1048 fig.
1499 969 1546 1049 g.
1575 931 1620 1022 11
1636 941 1724 1054 fig.
1750 975 1805 1026 m.
1836 975 1964 1058 quem

264 1084 342 1173 sub
369 1084 544 1171 nomine
571 1082 728 1201 lapidis
757 1083 986 1168 Armadilli
1014 1107 1322 1202 acceperat-
1346 1093 1491 1171 Partus
1520 1091 1757 1178 monstrosi.
1771 1093 1818 1178 in
1846 1094 1963 1210 equi⁶

260 1266 322 1324 no
350 1267 505 1353 genere
531 1234 746 1322 rarissimi.
802 1236 1002 1322 Nascitur
1028 1240 1244 1352 quoddam
1270 1237 1623 1357 hermaphrodito
1644 1242 1961 1362 simile,'quals

262 1425 289 1477 a
317 1389 486 1506 Kirgiso
500 1441 515 1455 ·
529 1389 696 1473 Tatan's
723 1411 942 1503 acceptum
971 1391 1172 1506 descripsi
1217 1389 1264 1475 in
1304 1390 1578 1507 Beschueftig.
1609 1397 1683 1497 der
1711 1403 1861 1486 Berlin.
1890 1435 1960 1487 nc-

260 1517 727 1654 turforsch..Gesellsch.
755 1548 837 1629 vol.
866 1545 943 1624 ΙΙΙ.
987 1575 1027 1659 p.
1060 1559 1152 1641 226.
1195 1567 1240 1629 et
1280 1543 1425 1649 icone,
1469 1549 1554 1631 tob.
1585 1551 1634 1632 V.
1668 1554 1754 1663 fig.
1792 1589 1825 1635 1.
1868 1552 1964 1637 illu·

259 1694 407 1782 stravi.
464 1690 550 1779 Sed
578 1715 668 1778 crat
695 1692 870 1778 omnino
899 1693 1064 1807 generis
1092 1696 1269 1782 masculi
1296 1696 1547 1811 imperfecte
1576 1703 1880 1802 conformatus,
1901 1665 1964 1788 “ut

258 1848 477 1934 sumsere
505 1874 650 1930 omnes
677 1844 723 1929 in
753 1843 939 1932 humano
968 1875 1122 1961 genere
1152 1851 1379 1936 observati.
1450 1854 1538 1935 Sub
1578 1882 1658 1937 ano
1698 1861 1845 1939 111111
1872 1858 1962 1939 nul·

259 2002 353 2088 lum
396 1996 648 2112 vestigium
678 1999 941 2085 'dodrantali
985 1998 1158 2087 circiter
1201 2002 1401 2087 distantia
1443 2035 1591 2117 corpus
1631 2007 1961 2116 cylindraceum,

255 2151 516 2271 pendulum,
545 2153 697 2255 breve,
742 2151 923 2238 membri
951 2154 1099 2268 equini
1126 2157 1216 2239 fere
1243 2154 1452 2258 crassitie,
1496 2154 1609 2270 plica
1638 2186 1771 2241 crassa
1799 2161 1851 2242 ab
1881 2189 1964 2242 ano

264 2298 545 2390 descendente
572 2330 838 2418 suspensum,
868 2333 1077 2418 rugosum,
1109 2309 1283 2404 nudum,
1313 2305 1490 2421 nigrum,
1521 2307 1793 2392 terminatum
1815 2310 1958 2423 specie

252 2457 428 2571 glandis
468 2453 776 2571 trapeziformi,
816 2457 1052 2561 denudata,
1094 2486 1195 2571 ruga
1237 2478 1457 2561 coronata,
1515 2458 1763 2544 umbilicata
1797 2460 1959 2575 papilla

253 2607 527 2712 excentrica,
571 2637 706 2724 aqua
727 2620 898 2726 porcus
937 2640 1099 2695 sursum
1139 2639 1365 2696 excurrens
1394 2632 1511 2696 secat
1536 2611 1756 2724 glandem,
1799 2611 1960 2727 inquo

230 2756 458 2847 ’1111111111
487 2783 697 2876 apertura,
727 2744 892 2847 urinam
922 2792 1019 2847 arcu
1047 2786 1274 2849 retrorsum
1302 2765 1537 2876 ejaculans,
1564 2784 1612 2845 ut
1637 2761 1813 2848 Camelo
1836 2764 1957 2849 mari.

248 2911 436 3001 Urinam
466 2910 665 2998 emittens
692 2914 764 2999 rel
792 2915 847 2999 ab
890 2912 1131 3000 irritatione
1172 2917 1330 3000 caudae
1373 2911 1458 2999 hoc
1503 2945 1654 3028 corpus
1695 2913 1741 2997 in
1783 2917 1962 3030 duplum

253 3068 349 3153 fere
376 3068 648 3151 excrescebat
676 3088 721 3150 11
748 3089 839 3152 crat
865 3067 1127 3153 dodrantale.
1185 3065 1364 3151 Diceres
1390 3065 1586 3182 vaginam
1610 3089 1845 3169 extrorsum
1866 3071 1959 3152 sub

251 3246 443 3322 versam,
495 3216 840 3336 quandoquidem
881 3223 1068 3339 equabus
1107 3218 1280 3304 urethra
1325 3218 1436 3302 intra
1471 3217 1669 3330 vaginam
1696 3217 1804 3303 hiat.
1873 3221 1960 3303 Sed

253 3392 455 3458 anatome
495 3368 644 3458 docuit
683 3371 964 3458 masculorum
1005 3401 1256 3486 organorum
1292 3368 1543 3484 imperfecta
1583 3367 1762 3480 vestigia
1805 3369 1959 3453 adfuis-

253 3554 316 3613 se.
339 3576 396 3592 -
420 3529 576 3612 Itzustr.
604 3527 795 3635 Buffon
835 3524 1010 3610 asseruit
1049 3550 1209 3639 equos,
1253 3521 1407 3637 quibus
1448 3518 1647 3606 discissae
1689 3550 1829 3625 nares,
1874 3519 1958 3634 (uti

254 3679 371 3796 apud
397 3679 612 3764 Nomadas
639 3675 693 3761 iis
722 3674 797 3793 qui
824 3699 1056 3764 castrantur
1083 3704 1270 3792 semper,
1298 3695 1344 3760 et
1372 3677 1425 3759 ad
1445 3704 1537 3760 ossa
1557 3703 1682 3789 saepe
1705 3672 1873 3799 diffindi
1895 3704 1958 3760 11

252 3832 369 3937 lent)
398 3860 485 3917 non
513 3827 705 3929 hinnire3
734 3832 848 3944 quod
876 3831 1028 3914 falsum
1055 3857 1147 3915 esse
1175 3826 1405 3913 innumeris
1433 3826 1645 3943 exemplis
1672 3824 1830 3927 didici;
1872 3851 1959 3913 cta-

252 3983 349 4072 nim
376 3979 580 4068 hinniunt
608 3981 740 4066 etiam
767 3979 975 4066 latissime
1003 3984 1098 4068 fisso
1133 4005 1179 4066 ct
1206 4002 1353 4095 aperto
1380 4008 1495 4064 naso.
1516 4030 1574 4050 ·-
1611 3977 1816 4062 Inassueti
1844 3976 1957 4093 eqii

251 4134 451 4257 plerique
480 4138 534 4221 ad
562 4133 836 4222 camelorum
863 4135 1107 4251 adspectum
1149 4161 1301 4249 magno
1342 4154 1503 4217 terrore
1531 4128 1710 4246 percelli
1740 4151 1784 4212 et
1811 4130 1956 4242 fugam

252 4314 473 4408 capessere
502 4288 652 4375 solent.
710 4288 870 4374 Mirum
899 4291 1014 4403 quod
1040 4287 1087 4372 in
1114 4286 1241 4370 bellis
1270 4283 1488 4400 europaeis
1537 4280 1773 4395 equitatum
1812 4278 1956 4366 inimi·

243 4458 355 4532 'cum
380 4439 466 4529 hoc
494 4443 623 4528 modo
650 4439 697 4525 in
734 4443 875 4557 fugam
916 4472 1040 4557 agere
1080 4439 1306 4553 negligant·
1338 4435 1472 4520 nostri
1513 4436 1660 4534 duces,
1704 4431 1955 4548 praesertim

244 4612 387 4717 'quum
416 4592 548 4680 etiam
575 4591 773 4678 oneribus
800 4593 984 4681 ferendis
1011 4594 1059 4679 in
1087 4590 1233 4678 castris
1260 4588 1388 4673 utiles
1427 4587 1512 4672 sint
1553 4583 1736 4673 Cameli.
1805 4589 1957 4669 Fertur

253 4747 305 4837 in
332 4746 544 4833 Narvensi
570 4744 734 4864 praelio
761 4750 990 4831 Succorum
1019 4746 1274 4861 equitatum,
1305 4741 1390 4826 hoc
1418 4743 1547 4825 modo
1572 4741 1782 4852 fugatum,
1821 4735 1955 4820 victo-

254 4901 367 4991 riam
393 4902 543 4988 Petro
570 4931 757 5016 magno
784 4903 1034 5013 Impera'tiiri'
1050 4897 1309 5016 praebuisse.
1336 4944 1392 4961 -
1432 4895 1607 4980 Stellam
1644 4897 1855 5007 passarino
1898 4889 1954 4977 ab
