4410 5910
269 412 360 517 396.
1034 436 1183 488 ==
1251 375 1256 386 ’

264 632 415 733 currit,
455 629 701 750 praesertim
745 634 937 747 frequens
964 631 1039 717 ubi
1081 635 1262 720 Cembra
1303 655 1348 717 et
1388 640 1526 746 Laryx
1563 631 1838 748 proveniunt.
1907 638 1954 719 ln

265 783 558 872 Camtschatca
583 808 748 882 tamen,
774 787 1044 899 quantumvis
1068 787 1128 872 ibi
1152 787 1326 903 copioso
1346 787 1525 901 pabulo,
1552 787 1806 871 observante
1834 787 1955 873 Stel·

261 945 390 1042 lero,
430 942 564 1024 deest.
621 946 781 1025 Procax
811 939 901 1023 avis
928 962 973 1023 et
1004 939 1158 1054 injuste
1200 940 1328 1023 stulta
1370 936 1554 1039 credita,
1595 936 1698 1052 quia
1738 936 1787 1023 in
1828 937 1955 1052 sylvis

265 1117 389 1204 saepe
418 1114 515 1175 ante
544 1093 674 1206 pedes
702 1090 992 1178 itinerantium
1020 1092 1167 1207 inepte
1201 1089 1353 1176 volitat
1386 1088 1477 1175 sine
1522 1118 1649 1188 voces
1679 1093 1757 1177 sed
1783 1120 1885 1177 eum
1909 1090 1954 1177 iu

257 1243 410 1347 finem,
453 1267 504 1328 ut
533 1243 781 1329 itinerantes
809 1244 997 1359 decipiat
1025 1267 1070 1329 et
1112 1277 1135 1327 a
1175 1243 1289 1328 nido.
1316 1246 1393 1326 -vel
1429 1240 1720 1356 promptuario
1762 1244 1954 1329 abducat.

260 1397 448 1480 Nucleos
478 1395 596 1478 enim
622 1395 668 1479 in
696 1394 897 1509 hyemem
926 1395 1095 1509 collgit,
1138 1416 1202 1478 ut.
1229 1395 1278 1480 C.
1311 1391 1586 1507 -glandariusr'
1620 1391 1780 1479 incidit
1795 1472 1798 1477 .
1812 1404 1956 1479 'tamen

261 1544 309 1628 in
336 1546 573 1661 decipulas,
614 1578 689 1662 pro
718 1547 931 1652 Mustelis‚
975 1546 1215 1661 Sciurisque
1246 1528 1700 1641 alliciendis-statutas·
1729 1586 1735 1597 ·
1769 1550 1957 1660 nysae,

261 1719 309 1778 ut
331 1701 613 1811 praecedens,
643 1730 727 1784 non
758 1699 929 1812 migrat3
957 1704 1032 1784 sed
1060 1697 1246 1783 maxime
1275 1697 1368 1780 avia
1396 1698 1610 1810 sylvarum
1637 1726 1809 1812 semper
1830 1719 1951 1783 amat.

260 1855 319 1935 In·
340 1849 578 1934 ventriculo
617 1850 779 1935 semina
806 1851 1093 1968 Lithospermi
1122 1850 1294 1965 copiose
1322 1846 1556 1935 observavi.
1613 1848 1757 1935 Etiam
1771 1847 1819 1933 in
1832 1855 1952 1934 Ame-

257 2001 392 2088 ricem
429 2000 609 2085 transiit.
680 2003 853 2088 Mimica
897 2003 1168 2117 caeteroquin
1197 2025 1262 2086 est
1296 2025 1341 2086 et
1377 2003 1555 2085 caudam
1592 1998 1788 2104 motitat‚
1830 2024 1878 2087 ut
1905 2002 1951 2090 C.

258 2153 512 2268 glandarius.
570 2162 667 2240 Vox
696 2187 888 2271 quoque,
913 2179 962 2240 ut
988 2155 1083 2259 isti,
1125 2155 1237 2239 inter
1263 2141 1493 2241 volandum
1520 2153 1689 2265 clange,
1735 2149 1953 2241 homiuem

258 2308 468 2419 prodens,·
495 2330 552 2391 -et
579 2308 967 2422 adpropinquantes
991 2310 1122 2410 seras,
1164 2337 1289 2421 saepe
1326 2328 1372 2388 et
1398 2305 1632 2392 catulorum
1666 2329 1953 2393 neonatorum

260 2458 440 2541 aemula.
499 2459 694 2543 Calorem
724 2459 937 2572 sanguinis
964 2458 1011 2542 in
1039 2457 1121 2542 hae
1152 2489 1230 2542 ave
1260 2463 1313 2543 ad
1348 2478 1452 2564 ¹09⁰·
1511 2455 1693 2547 Farenh.
1721 2456 1952 2574 deprehen-

260 2607 320 2691 di.
346 2650 350 2655 ·
378 2609 601 2694 Cicuratur
628 2609 776 2712 facile,
814 2641 979 2725 semper
1005 2628 1148 2698 tamen
1178 2611 1432 2701 mordacula.
1454 2635 1519 2679 -‘
1537 2613 1761 2695 Linnoeo
1791 2610 1949 2725 adlega-

256 2781 302 2843 ta
331 2761 575 2875 Synonyma
602 2762 744 2847 dubia.
869 2804 873 2815 ·

266 2966 276 2988 ·
396 2915 571 2998 Dsscr.
628 2919 852 3000 Chorocter
880 2940 924 3000 et
952 2919 1115 3002 babitus
1143 2938 1256 3001 totus
1287 2915 1336 3004 C.
1361 2913 1597 3026 glandares,
1639 2935 1689 3000 trt
1716 2913 1873 3003 mirum
1899 2913 1947 2998 sit

256 3067 323 3149 Ill.
350 3067 631 3152 Linrtaeum
652 3067 795 3152 solum
824 3069 873 3154 C.
903 3074 1126 3178 infaustum
1154 3071 1210 3152 ad
1234 3065 1390 3150 Lanius
1417 3063 1623 3149 rotulmse.
1678 3067 1821 3153 nostri
1841 3096 1946 3150 mau-

258 3208 405 3300 dibula
433 3239 610 3332 utraque
635 3240 775 3320 recta,
801 3217 1033 3322 conoides,
1063 3220 1184 3334 apice
1214 3217 1429 3333 superiore
1454 3215 1637 3320 inflexo,
1665 3217 1871 3307 lateribus
1897 3219 1947 3300 le

256 3364 427 3450 tissime
456 3371 731 3484 emarginato.
803 3371 967 3483 Lingua
994 3371 1115 3454 utin
1151 3370 1202 3456 C.
1231 3367 1447 3482 gandario.
1515 3369 1725 3457 Vibritaue
1766 3397 1945 3484 grptseae,

255 3518 452 3633 copiosae
496 3552 619 3635 supra
658 3550 800 3622 nares;
842 3543 1015 3635 mystox
1044 3520 1145 3606 setis
1173 3519 1345 3633 rigidis,
1388 3518 1537 3634 nigris.
1605 3523 1759 3609 Vestem
1788 3549 1946 3636 gryseo

255 3669 413 3771 fuscus,
455 3673 748 3783 plumia'larris
778 3672 972 3788 strigilis,
1019 3695 1067 3756 ut
1098 3673 1144 3756 in
1173 3672 1335 3757 duobus
1363 3672 1730 3788 praecedentibuss
1802 3677 1943 3758 Cernit

256 3838 301 3899 et
328 3818 494 3904 dorsum
521 3851 545 3904 e
574 3826 690 3907 fusco
719 3826 910 3925 cinerea3
937 3833 1092 3911 collum
1116 3828 1268 3909 subtus.
1280 3855 1388 3912 cauo
1402 3825 1646 3911 -ciaeraum
1652 3884 1668 3922 ,
1695 3823 1854 3937 plumis
1880 3852 1941 3937 gu·

253 3969 323 4052 lae
348 3969 441 4085 pilo
468 3973 598 4086 longo
627 3972 749 4057 molli
776 3975 1027 4060 terminatis
1097 3981 1245 4063 Pectus
1279 4006 1303 4062 e
1345 3977 1516 4063 cinereo
1543 3977 1779 4076 roseaceum
1820 3983 1942 4062 lutera

253 4143 299 4205 et
324 4122 486 4208 alarum
513 4127 632 4211 bases
659 4129 802 4229 subtus
829 4131 942 4232 mla,
972 4140 1145 4215 summ
1171 4151 1215 4213 et
1239 4130 1510 4215 subcrudalea
1531 4128 1722 4214 dilutius.
1785 4128 1940 4242 Uropy·

249 4282 371 4386 giam
410 4304 434 4359 e
475 4280 738 4364 rufescente·
756 4281 926 4366 cinereo
953 4280 1175 4395 pallidum.
1244 4288 1352 4366 Alae
1389 4279 1466 4364 vix
1505 4277 1731 4366 dimidiam
1771 4279 1938 4365 caudm

253 4424 446 4536 aequant.
501 4426 694 4546 demiges
731 4433 1099 4549 19.nigric'antes,
1146 4431 1337 4517 exterius
1368 4462 1522 4531 canae,
1555 4428 1739 4519 interius
1765 4429 1859 4521 basi
1882 4457 1937 4512 ru·

250 4575 479 4684 sescentas,
507 4612 534 4691 7
561 4586 619 4668 ad
652 4612 711 4674 m.
742 4588 927 4676 exterius
956 4583 1138 4671 dimidio
1163 4585 1425 4687 mtilantam·
1446 4596 1633 4674 aarum
1665 4584 1782 4673 laete
1806 4583 1934 4678 udae,

251 4728 463 4845 triangulo
491 4734 625 4851 apicis
652 4740 927 4827 subintrante.
983 4741 1133 4843 Alula,
1178 4738 1416 4827 reatitricea
1442 4760 1488 4824 et
1504 4738 1694 4826 intimae
1719 4733 1931 4825 tectricum

250 4876 714 4989 fuwoss·eunescenteat;
739 4897 911 4991 “eorda
952 4891 1237 5010 subaequalisi
1253 4896 1407 5004 ussup
1436 4890 1630 4989 rectum:
1645 4889 1845 5009 umque
1869 4911 1932 4979 tt·
