4410 5910
1027 351 1182 417 m..
1867 337 1968 434 183·

480 562 579 643 Mus
593 553 883 669 meridianus,
909 555 1052 641 Pallas
1080 584 1172 655 nov.
1209 555 1301 671 Sp.
1321 552 1424 661 Giir.
1466 552 1550 640 tab.
1594 567 1641 642 ιδ
1677 556 1738 645 B..
1766 560 1946 642 itinerar.

533 715 589 795 Π.
620 710 796 826 append.
826 741 866 825 p.
895 741 989 819 702.
1020 741 1059 794 n

479 861 633 950 Torrid
660 865 833 968 Jerboa,
862 863 1057 946 Pennant.
1068 892 1182 974 syn.
1205 893 1259 978 Ρ.
1292 895 1384 970 297.
1414 892 1454 944 n.
1485 876 1578 964 224.

395 1022 446 1101 In
475 1014 661 1100 arenosis
687 1046 826 1100 versus
863 1045 977 1105 mare
1003 1013 1203 1130 caspium
1247 1012 1469 1131 aliquotis,
1514 1044 1592 1098 nec
1632 1045 1806 1130 usquam
1847 1014 1951 1098 alibi
2074 1004 2077 1009 ’

254 1171 509 1255 observata.
549 1167 871 1285 Eiegantissima
900 1166 1061 1284 species
1072 1229 1086 1268 ,
1126 1170 1235 1287 sed..
1259 1165 1306 1251 ni
1333 1167 1477 1269 fallor,
1521 1169 1575 1263 ad
1605 1173 1785 1283 Myoxos
1814 1199 1950 1251 aman·

253 1323 421 1425 danda,
476 1321 588 1407 inter
628 1353 731 1438 quos
779 1344 824 1409 et
861 1319 1052 1436 Dipodas
1103 1320 1299 1434 ambigua
1346 1321 1434 1404 sola
1487 1322 1644 1437 pedum
1692 1320 1951 1435 posticorum

253 1474 561 1590 magnitudine.
655 1553 660 1561 .

718 1831 895 1941 ΧΧΙΙ.
985 1835 1018 1940 S
1075 1833 1119 1937 C
1179 1830 1306 1936 I'U
1363 1830 1407 1933 R
1461 1831 1496 1933 1.

391 2192 451 2274 Ut
478 2207 573 2272 sunt
601 2162 728 2272 multi
756 2189 807 2274 ab
842 2187 1081 2275 auctoribus
1108 2184 1318 2304 propositi
1358 2182 1546 2298 generisi
1573 2181 1855 2294 characteres,
1892 2190 1953 2280 ita

250 2367 296 2430 et
324 2341 383 2447 is,
412 2372 497 2457 quo
524 2344 785 2426 Linnaeus
824 2342 981 2427 sciuros
1018 2337 1242 2426 distinctos
1267 2367 1356 2423 esse
1385 2336 1542 2442 voluit,
1582 2340 1634 2425 ab
1662 2340 1859 2428 affinibus
1883 2375 1952 2458 ge·

250 2493 424 2581 neribus
465 2497 637 2639 eosdem
680 2489 858 2578 minime
901 2493 1160 2608 distinguere
1201 2493 1329 2578 valet.
1406 2493 1511 2575 Sunt
1551 2492 1667 2577 enim
1705 2496 1951 2586 omnibuse

251 2645 422 2762 murin'o
450 2676 603 2761 genere
633 2646 782 2751 dentes
812 2676 936 2764 supra
964 2610 1154 2745 cuneati,
1191 2645 1412 2730 inferiores
1441 2642 1645 2746 subulati,
1683 2646 1782 2732 solis
1811 2653 1951 2765 Spala-

252 2799 373 2887 cibus
402 2823 446 2884 et
473 2805 705 2913 Arctomye
734 2796 843 2884 forte
872 2796 1104 2919 exceptis,
1124 2797 1233 2882 etis
1234 2790 1481 2882 character
1509 2831 1533 2881 a
1561 2799 1760 2885 dentibus
1786 2828 1952 2894 tantum

252 2951 321 3040 his
350 2976 395 3038 et
402 2937 636 3069 Leporino
671 2930 811 3036 forte
825 2976 951 3069 atque
969 2942 1177 3069 Castoris
1199 2940 1442 3065 generibus
1491 2950 1741 3040 definiendis
1783 2959 1950 3048 sufficit.

253 3104 299 3191 si
327 3137 475 3191 verum
504 3108 595 3190 sine
622 3102 943 3222 praeconceptis
971 3103 1081 3211 ideis
1107 3090 1334 3243 fateamur,
1377 3105 1616 3190 Sciurorum
1658 3103 1928 3195 character
1915 3143 1952 3197 rs

252 3252 318 3346 est
346 3261 478 3364 solus,
508 3288 634 3376 quem
663 3262 825 3344 Graeca
854 3252 1066 3395 appelatio
1096 3246 1327 3372 antiquitus
1356 3254 1584 3372 expressit,
1622 3261 1758 3344 cauda
1784 3261 1952 3350 scilicet

250 3413 363 3500 laxis
389 3411 505 3499 villis
542 3406 729 3498 disticha
772 3434 816 3497 et
856 3441 1005 3528 corpus
1046 3408 1238 3496 animalis
1280 3410 1552 3511 obumbrans,
1595 3440 1673 3496 nec
1709 3411 1952 3519 invenietur

252 3564 375 3653 alius.
446 3564 636 3665 Etenim,
679 3587 726 3650 ut
751 3572 840 3679 jam
867 3561 981 3665 dixi,
1023 3559 1219 3648 Glirium'
1241 3564 1345 3648 ordo
1380 3563 1487 3647 adeo
1530 3584 1594 3648 est
1634 3566 1859 3672 naturalis3
1901 3594 1949 3661 ut

250 3719 451 3836 neglecto
477 3716 630 3805 habitu
659 3722 827 3804 Genera
854 3710 1007 3805 omn‘ia
1026 3719 1251 3803 confluant.
1289 3720 1294 3731 “

622 3862 748 4027 lli).
838 3929 1255 4027 SCIURUS
1329 3934 1592 4027 Varius.

389 4081 433 4166 S.
465 4075 661 4163 auriculis
690 4077 813 4194 apice
838 4079 1048 4184 barbatis,
1076 4107 1251 4194 corpore
1280 4080 1424 4165 subtus
1453 4082 1564 4167 albo.
1609 4166 1612 4171 .

474 4232 642 4319 Sciurus
668 4231 874 4346 vulgaris,
910 4237 1002 4317 Lin.
1039 4251 1144 4343 syst.
1181 4234 1278 4324 XII.
1317 4237 1364 4344 1.
1390 4268 1432 4346 p.
1462 4245 1528 4320 86.
1565 4266 1627 4351 sp.
1663 4273 1696 4322 ι.
1722 4242 1944 4330 ,Schreben

527 4392 739 4473 mammet.
767 4388 841 4472 IV..
870 4419 913 4502 p.
940 4384 1153 4495 757·.t⁰.b·
1185 4418 1276 4471 ω.

471 4538 639 4625 Scimus
667 4537 850 4652 vulgaris
877 4560 921 4622 et
950 4538 1090 4638 albus,
1116 4540 1298 4622 Brisson.
1327 4539 1472 4653 quadr.
1488 4572 1529 4654 p.
1554 4559 1642 4645 104.
1666 4559 1836 4661 105.sp.
1851 4583 1885 4633 r.
1902 4581 1943 4634 a.

474 4689 643 4776 Sciurus
670 4688 830 4792 varius,
860 4694 1042 4809 Brisson.
1073 4692 1219 4808 quadr.
1251 4723 1291 4805 p.
1326 4703 1414 4772 106.
1444 4720 1507 4800 sp.
1535 4707 1575 4794 4.

471 4841 694 4961 Ecureuil,¹
719 4845 884 4964 Buffop.
913 4849 1007 4963 ²hist.
1035 4864 1121 4961 pat.
1138 4846 1244 4947 VH.
1274 4873 1316 4958 p.
1348 4842 1655 4961 2⁵³r²4bn32r
