4410 5910
270 424 359 525 278
1034 432 1183 487 Ε

272 641 395 746 deus,
425 654 604 754 utroque
634 644 816 736 verace,
845 634 1033 722 maxime
1060 631 1314 752 posteriore,
1352 631 1511 721 leviter
1535 660 1813 753 compresum.
1876 632 1964 729 εἰ..

271 792 428 909 gularis
457 795 576 876 theco
601 789 765 906 postice
792 789 1040 875 scleroticae
1068 788 1214 872 innata
1240 816 1417 872 nervum
1443 784 1657 903 amicum,
1679 788 1857 906 propria
1879 792 1964 909 pel

255 946 412 1032 'lucida
439 947 683 1029 membrana
710 942 960 1028 obvolutum
995 940 1189 1056 saginat,
1223 941 1438 1056 fundoque
1472 939 1637 1028 orbitae
1675 939 1963 1058 implantatur,

267 1122 463 1187 texturae
491 1095 799 1180 tenacissimae.
871 1102 986 1179 Intra
1012 1123 1107 1178 eam
1135 1096 1362 1177 decurrunt
1386 1092 1612 1179 arteriolae
1638 1094 1768 1181 binae
1794 1118 1844 1182 et
1866 1130 1963 1215 qut·

268 1276 547 1351 marcenae,
577 1247 841 1360 totidemque
870 1245 1055 1350 nervuli,
1094 1245 1299 1361 aquibus
1326 1276 1423 1330 vasa
1459 1246 1727 1333 adducentis·
1748 1270 1797 1333 et
1829 1249 1960 1359 uerri,

266 1435 345 1523 per
369 1400 629 1519 peculiarem
656 1400 905 1485 scleroticae
934 1399 1072 1484 sinum
1100 1398 1352 1515 posticum,·
1368 1420 1453 1482 tres
1488 1398 1622 1484 lineas
1654 1398 1816 1501 latum,
1850 1426 1962 1491 recu

266 1558 445 1644 bulbum
471 1553 587 1638 oculi
624 1551 875 1638 subintrant.
912 1603 968 1620 -
1006 1551 1133 1639 Circa
1171 1550 1346 1637 thecam
1393 1549 1515 1634 illam
1554 1549 1716 1669 triplex
1754 1561 1962 1645 musculus

267 1708 471 1826 pollicem
498 1706 630 1802 latus,
658 1706 734 1819 qui
762 1738 786 1789 a
812 1708 945 1792 fundo
972 1704 1135 1791 orbitae
1165 1726 1299 1803 ortus,
1330 1701 1442 1791 circa
1463 1701 1603 1788 sinum
1626 1706 1880 1795 scleroticae
1902 1710 1961 1797 in·

269 1861 433 1947 seritur.
504 1859 616 1944 Hinc
660 1856 743 1943 alia
785 1869 941 1972 vagina
981 1889 1128 1973 parum
1169 1856 1301 1973 priori
1344 1853 1585 1959 dissimilis,
1626 1858 1813 1945 vasculis
1850 1862 1957 1949 intus

265 2013 401 2131 picta,
432 2010 700 2126 granulisque
737 2012 806 2094 vel
843 2009 1101 2124 glandulosis
1135 2011 1206 2093 vel
1242 2008 1425 2124 adiposis
1462 2011 1669 2123 adspersa.
1690 2060 1748 2079 --
1776 2018 1956 2103 Demum

266 2171 441 2250 musculi
468 2185 696 2276 sequuntur
721 2174 960 2267 exteriorem
996 2193 1177 2277 quorum
1205 2172 1361 2275 primus
1388 2192 1413 2245 a
1440 2159 1584 2244 medio
1612 2161 1780 2251 orbitae
1809 2169 1866 2253 ad
1892 2168 1952 2255 be

266 2315 331 2400 ain
359 2314 473 2427 globi
503 2315 617 2398 oculi
643 2345 868 2402 excurrens
895 2315 1010 2403 libris
1035 2335 1204 2401 constat
1232 2311 1522 2437 annularibus3
1556 2316 1760 2402 sectandam
1786 2338 1953 2407 stram

264 2466 422 2566 simile;
453 2475 614 2572 tertius,
653 2472 706 2553 ab
742 2492 919 2554 externa
947 2464 1287 2554 circumferentia
1321 2463 1484 2551 orbitae
1512 2485 1648 2565 ortus,
1688 2493 1875 2583 quatuor
1899 2500 1951 2559 rt·

265 2619 347 2704 ctis
372 2618 585 2705 fasciculis
615 2619 864 2708 scleroticae
891 2621 1058 2707 mediae
1085 2621 1163 2705 sub
1191 2617 1285 2703 istis
1312 2616 1529 2718 inseritur;
1564 2640 1737 2736 quatuos
1772 2622 1951 2743 deniqoe

266 2772 476 2856 musculus
504 2771 732 2886 obliquus„
752 2794 884 2874 teres,
912 2804 1091 2891 quorum
1117 2771 1310 2860 omnium
1336 2769 1450 2857 actio
1475 2770 1522 2855 in
1549 2770 1635 2857 situ
1656 2774 1776 2861 oculi
1796 2800 1951 2865 murm·

263 2923 321 3010 do
347 2922 524 3039 insignis
552 2954 642 3009 esse
671 2926 814 3011 debet.
826 2977 886 2994 ·-
912 2930 1139 3014 Scleroticu
1160 2923 1281 3010 oculi
1310 2922 1552 3023 durissima,
1587 2923 1701 3011 inter
1728 2958 1893 3019 osseam
1908 2950 1948 3019 et

260 3073 581 3188 cartilagineam
609 3076 771 3181 media,
814 3078 941 3164 simul
977 3077 1211 3180 albissima,
1255 3074 1382 3162 sulcis
1421 3101 1602 3192 quatuor
1636 3079 1943 3197 longitudimli·

258 3223 336 3310 bus
364 3254 442 3342 pro
479 3256 683 3313 venarum
719 3231 1014 3317 reducentium
1053 3260 1127 3317 seu
1168 3239 1471 3316 emusuriomm
1509 3234 1688 3317 decursu
1727 3233 1942 3353 insculpta.

255 3380 417 3466 cornea
444 3378 655 3467 diametro
682 3415 708 3490 9
736 3382 885 3471 linear.
911 3385 1074 3472 circulo
1098 3382 1309 3501 peculiari
1335 3412 1361 3464 a
1386 3381 1611 3469 sclerotica
1644 3385 1941 3493 disterrnimtr,

258 3554 453 3616 constans
480 3536 641 3619 duabus
668 3533 859 3638 laminis,
899 3535 1102 3623 distincte
1138 3534 1360 3650 spongiosa
1394 3534 1540 3650 diploe
1567 3536 1808 3649 disjunctis.
1872 3544 1940 3627 tu

257 3681 446 3766 exterius
471 3683 687 3800 propriam
721 3685 957 3789 lamellam,
1000 3718 1075 3774 seu
1115 3695 1329 3775 reticulum
1369 3689 1497 3771 relert
1537 3689 1795 3794 coloratum,
1834 3690 1937 3811 quul

256 3830 523 3919 subtilissimi
550 3835 681 3921 instar
706 3839 849 3954 operis
876 3839 1041 3926 textilis
1069 3841 1117 3926 in
1146 3844 1298 3925 fortnas
1334 3842 1548 3926 frondosas
1576 3842 1843 3931 elaboratum
1867 3866 1934 3949 est,

252 3982 372 4069 utin
400 3996 605 4101 majorum
634 3993 909 4080 Balaenamm
934 3995 1072 4080 oculis
1099 3993 1340 4079 distinctius
1369 4015 1556 4108 apparet.
1612 3993 1741 4081 Iridis
1768 3996 1936 4087 tetiutlt

251 4166 330 4251 per
359 4139 564 4224 ambitum
591 4141 690 4227 laxe
718 4144 929 4234 incumbit
955 4155 1169 4234 vasculum
1194 4147 1419 4246 circulare,
1447 4147 1618 4231 ramulis
1638 4178 1784 4237 versus
1811 4148 1936 4269 pupil

253 4289 340 4373 lam
367 4292 588 4379 radiatum.
658 4303 776 4382 Inter
813 4301 1038 4386 reticulum
1068 4299 1189 4385 iridis
1216 4324 1261 4385 et
1288 4307 1452 4385 Uream
1479 4323 1561 4385 tres
1586 4310 1733 4389 circuti
1759 4300 1933 4391 vascula

251 4470 318 4527 res
344 4442 435 4528 sive
463 4460 577 4532 sinus
602 4450 792 4564 pupillae
829 4450 1144 4568 circumpositi:
1178 4464 1358 4538 extimus
1391 4484 1562 4539 cenonas
1596 4454 1756 4539 Ηουίἰ
1791 4455 1931 4551 dictu,

252 4598 306 4678 ad
334 4597 516 4682 confinia
543 4601 814 4703 scleroticae,
844 4625 1027 4720 quatuor
1062 4604 1181 4689 venis
1205 4636 1281 4691 seu
1307 4615 1531 4691 maaria
1569 4607 1826 4722 supradictis
1865 4632 1930 4723 pu

251 4746 515 4834 scleraticaar
544 4780 787 4868 emmpens,
819 4784 999 4871 vasaque
1025 4757 1197 4843 aerifera
1218 4758 1401 4874 plurima
1419 4788 1447 4843 e
1467 4757 1675 4845 choroiale
1709 4759 1927 4877 recipient

251 4898 450 4989 mundus
475 4903 616 4993 minor
642 4936 717 4993 seu
744 4912 902 4997 madius
927 4913 1192 5025 lluysclu'o
1219 4910 1375 4996 nullibi
1401 4910 1560 5020 dictm,
1587 4944 1719 5031 quem
1744 4916 1926 5001 Hosius
