4410 5910
247 430 307 516 io
1012 431 1163 482 ε

253 643 352 730 dam
379 639 580 726 defodere
608 634 768 722 dicitur
806 656 851 719 et
878 631 939 720 ita
964 661 1114 749 parcus
1140 656 1231 716 ease
1257 626 1366 726 cibi,
1407 645 1455 711 ut
1492 654 1581 712 uno
1603 625 1751 743 lepore
1778 655 1857 745 per
1880 628 1950 715 bi.

253 791 383 878 duum
409 789 565 891 alatur,
592 819 748 876 novam
774 817 861 873 non
889 807 1093 902 appetens
1119 784 1335 900 praedam,
1372 781 1509 865 donec
1536 803 1730 894 paratum
1757 782 1953 900 absump-

247 942 319 1029 tit.
377 941 493 1029 Parit
519 964 760 1057 quaternos,
786 968 937 1026 coecos
964 957 1012 1020 ut
1039 962 1296 1048 congeneres
1325 931 1540 1046 reliquae,
1568 954 1614 1018 et
1638 931 1744 1018 licet
1769 936 1956 1023 a'tenera

251 1118 389 1181 aetate
415 1095 597 1181 educata
622 1091 890 1178 ferocitatem
916 1119 1002 1175 non
1030 1085 1165 1173 exuit.
1222 1083 1394 1171 Dicitur
1421 1083 1627 1200 congredi
1653 1086 1882 1174 Februario
1910 1056 1976 1176 et·

251 1276 408 1333 novem
448 1241 695 1359 septimanis
736 1264 857 1326 utero
898 1268 1058 1355 gerere.
1130 1241 1171 1320 V
1169 1247 1362 1323 arietatos
1396 1237 1449 1322 ab
1479 1234 1718 1321 auctoribus
1746 1237 1957 1363 allegatae

256 1401 308 1483 ab
343 1418 506 1494 aetate,
545 1394 643 1480 loco
677 1416 721 1479 et
756 1392 856 1477 anni
888 1416 1103 1506 tempore;
1143 1390 1256 1474 unde
1284 1387 1415 1473 etiarn
1443 1387 1556 1474 Felis
1598 1397 1817 1500 norvegico
1844 1394 1956 1478 Lin.

258 1548 332 1634 vix
360 1581 385 1633 a
411 1554 555 1661 Lynce
569 1545 737 1632 videtur
765 1543 1077 1658 distinguenda.
1135 1538 1373 1640 Sibiricam,
1401 1571 1528 1655 quam
1542 1535 1616 1624 hic
1630 1539 1839 1646 describo,
1869 1575 1957 1631 sae·

256 1702 352 1820 piua
379 1701 432 1785 ad
459 1696 670 1783 Jeuiseam
695 1693 888 1794 tractavi,
917 1694 1061 1780 vivam
1087 1716 1131 1780 et
1159 1716 1379 1795 mortuam,
1407 1692 1691 1809 plurimasque
1717 1691 1853 1807 pellea
1881 1725 1951 1779 va·

258 1853 415 1939 rianim
441 1847 660 1965 regionum
688 1844 867 1936 contuli.

392 2166 537 2252 Daret.
564 2163 746 2250 Pondere
785 2163 976 2251 adultum
1010 2164 1166 2252 animal
1192 2164 1321 2250 libras
1357 2165 1432 2249 LX
1461 2179 1634 2276 aequat,
1667 2157 1802 2248 imino
1829 2188 1953 2246 exce·

259 2316 337 2403 dit.
406 2319 621 2428 Mystaceo
657 2315 765 2416 albi,
807 2339 986 2404 mentum
1011 2319 1112 2435 pilia
1137 2316 1381 2415 horridum,
1422 2315 1744 2411 subbarbatum3
1785 2344 1957 2400 aeruca

260 2465 564 2584 tupraoculario
590 2465 819 2553 multioeta.
887 2470 1103 2556 Paroti'det
1128 2468 1235 2556 villo
1262 2464 1454 2582 longiore
1482 2468 1781 2564 subbarbatae,
1821 2463 1953 2579 inque

260 2618 405 2705 medio
431 2617 628 2734 utrinque
645 2623 854 2729 fasciculo
890 2620 1028 2734 nigro.
1082 2621 1210 2707 Oculi
1235 2617 1436 2736 charopi;
1461 2615 1682 2734 palpebrae
1710 2619 1846 2716 albae,
1885 2646 1954 2702 ru·

261 2769 404 2886 perior
429 2768 551 2882 nigro
577 2767 743 2855 ciliata:
771 2803 795 2855 a
823 2770 980 2860 cantho
1006 2771 1170 2888 postico
1197 2769 1356 2855 lineola
1376 2767 1623 2882 producitur
1636 2766 1769 2881 nigra,
1799 2768 1955 2882 angulo

262 2921 381 3009 uuita
407 2920 546 3009 lineae
572 2923 649 3008 sub
670 2923 801 3008 oculo
827 2926 998 3021 ductae,
1024 2924 1096 3008 ciii
1121 2922 1323 3040 parallelo
1350 2917 1433 3004 alia
1453 2949 1529 3035 per
1551 2949 1677 3033 genas
1704 2918 1955 3034 producitur

265 3094 446 3159 arcuata.
513 3075 662 3159 Vertea
699 3073 821 3188 nigro
856 3098 1100 3189 punctatua,
1133 3074 1254 3161 utin
1281 3078 1327 3158 F.
1356 3072 1520 3156 Manul.
1546 3072 1682 3157 Aurea
1708 3092 1832 3157 extus
1863 3098 1956 3187 gry-

265 3252 375 3324 oeae,
399 3224 527 3308 litura
554 3224 666 3324 alba,
690 3225 879 3340 margine
906 3225 1282 3339 ferrugineicente,
1317 3222 1436 3338 apice
1465 3230 1582 3334 (cum
1607 3229 1798 3340 penicillo
1828 3221 1956 3339 polli-

265 3373 356 3462 cari
380 3377 635 3487 oubrefleiro)
669 3399 797 3462 atrae.
867 3378 977 3462 Gula
1005 3378 1124 3476 alba,
1163 3375 1361 3489 utrinque
1391 3373 1594 3460 fasciculo
1619 3374 1741 3490 nigro
1768 3377 1845 3459 aub
1873 3405 1957 3459 ma·

267 3524 387 3613 xilla.
444 3529 585 3615 Vellua
611 3557 735 3642 oupra
761 3525 1044 3641 (hybernum)
1072 3525 1486 3643 gryaeo·lutescena,
1514 3548 1637 3610 extus
1665 3526 1767 3639 pilis
1795 3524 1958 3639 longio-

266 3675 384 3761 ribua
409 3677 577 3776 albidis,
604 3705 850 3791 summoque
880 3676 1001 3792 apice
1028 3679 1169 3778 fiucie,
1209 3706 1449 3776 canescens,
1486 3677 1534 3761 in
1561 3674 1844 3792 pulcrioribua
1872 3708 1958 3763 mo·

266 3825 331 3941 gia
365 3803 554 3912 minuive
591 3828 831 3926 lituratum3
871 3840 1013 3916 ceruix
1044 3852 1284 3944 tractusque
1323 3828 1497 3944 spinalia
1538 3829 1670 3942 magis
1707 3827 1956 3943 ferrugineo·

268 3999 384 4077 cunt,
409 3976 549 4063 liturio
575 3980 823 4095 plerumque
850 3979 1199 4066 evidentioribus.
1258 3979 1530 4091 (Caucaaicae
1556 3982 1691 4095 pelles
1713 4011 1838 4095 supra
1865 3982 1965 4068 rufo

270 4128 499 4246 olbidoque
525 4131 767 4230 nebidosae,
794 4131 916 4246 nigro
944 4131 1166 4217 evidenter
1194 4130 1440 4228 maculatae,
1468 4129 1667 4246 strigiooin
1694 4155 1813 4248 parte
1844 4131 1962 4219 dorii

268 4280 501 4395 posteriore
527 4283 663 4371 tribuo
691 4282 996 4398 subparallelii.
1054 4283 1124 4369 Sic
1151 4282 1282 4368 etiam
1309 4279 1493 4395 juniores
1520 4280 1740 4385 Sibiricae,
1769 4286 1964 4370 nondum

270 4432 475 4546 adultae.)
541 4435 696 4522 maim
733 4434 930 4520 omnibus
971 4435 1017 4519 in
1044 4436 1203 4521 vellere
1239 4435 1420 4548 largiore
1460 4435 1577 4537 albo,
1607 4434 1799 4520 fasciculi
1826 4434 1966 4550 sparti

270 4583 383 4700 nigri
408 4607 454 4671 et
480 4588 612 4702 pedet
633 4607 760 4672 extuo
786 4588 1002 4702 eleganter
1028 4588 1245 4702 punctari,
1289 4588 1455 4672 interne
1483 4584 1737 4688 aubdoliati,
1779 4614 1964 4700 praeier-

271 4736 351 4823 tiiu
379 4736 526 4835 amici.
582 4739 732 4827 cauta
754 4737 1031 4853 spithamaea,
1060 4741 1405 4854 ferrugineacens,
1436 4736 1557 4854 apice
1579 4734 1845 4824 holoserioeo
1859 4760 1965 4824 ater·

273 4884 391 4996 rima,
420 4890 564 4989 rubino
589 4887 799 4991 immixtio
825 4892 934 4980 olbia
959 4893 1074 5009 pilia.
1131 4891 1390 5011 (Caucaiicio
1429 4892 1645 4980 interdum
1679 4887 1966 5005 quadrionae.
