4410 5910
1022 304 1178 361 ΕΞ
1854 306 1940 392 5¹2

256 500 334 594 bus
346 565 360 606 ,
396 497 584 620 margine
609 500 961 620 pallescentibus3
1003 507 1164 594 extima
1193 506 1389 622 utrinque
1416 507 1526 592 ultra
1553 498 1743 594 medium
1772 505 1945 621 oblique

257 661 377 758 alba,
406 656 601 772 proxima
630 689 764 743 cuneo
794 657 925 774 apicis
951 657 1062 743 intra
1084 657 1265 744 rhachin
1288 661 1399 744 albo.
1454 660 1584 746 Pedes
1610 658 1825 759 corneoli,
1856 686 1945 770 gra·

256 813 385 909 ciles3
426 811 591 895 tibialia
618 808 808 895 loricata.
877 813 1015 923 Digiti
1042 790 1324 925 longiusculi,
1369 808 1615 925 praesertim
1644 809 1856 926 poeticus,
1903 829 1950 894 et

250 957 378 1074 -hujus
419 960 604 1046 maxime
644 972 816 1073 unguis,
859 962 933 1044 sed
973 963 1160 1076 perfecte
1201 961 1390 1045 falcatus.
1459 963 1624 1047 Pondus
1652 959 1946 1047 drachmarum

254 1112 426 1197 circiter
455 1128 509 1210 54.
565 1115 759 1198 Mensura
788 1115 841 1196 ad
869 1098 1048 1228 uropygss
1077 1119 1138 1217 4‘'.
1179 1114 1337 1196 caudae
1368 1123 1428 1196 n''.
1457 1121 1528 1199 3“'.
1557 1113 1716 1195 alarum
1746 1141 1947 1226 expansa-

255 1293 347 1346 rum
383 1265 465 1346 ro''.
502 1264 625 1348 ulnae
655 1270 714 1349 δ”.
746 1271 814 1347 2'''.
852 1262 975 1349 rostri
1018 1267 1071 1350 ad
1112 1266 1302 1347 fraenum
1330 1275 1418 1373 75⁰.
1448 1262 1651 1348 tibiarum
1686 1271 1779 1348 rom.
1821 1261 1947 1376 digiti

253 1413 406 1529 postici
435 1423 525 1516 qim.
556 1422 642 1528 ejus
670 1414 819 1529 unguis
850 1423 937 1517 δί’.

389 1654 434 1734 N
440 1673 539 1737 ota.
596 1657 767 1738 Linnaei
796 1651 987 1739 delinitio
1016 1653 1208 1736 Alaudae
1248 1651 1430 1737 trivialis
1469 1650 1516 1735 in
1557 1649 1671 1737 hanc
1712 1652 1943 1765 quadrantr

252 1807 329 1891 sed
356 1833 589 1917 synonyma
619 1806 724 1887 mire
753 1802 937 1889 miscuit.
1006 1802 1229 1887 Motacilla
1269 1802 1439 1888 littorea
1466 1805 1684 1889 Gmelini
1704 1810 1793 1920 jun.
1835 1806 1944 1907 (itin.

253 1961 329 2038 Ill.
356 1988 395 2065 p.
427 1967 492 2059 98.
521 1955 604 2037 tab.
642 1988 703 2058 19.
723 1959 809 2066 fig.
845 1963 899 2066 1.)
929 1951 1036 2038 haec
1064 1956 1215 2037 eadem
1241 1976 1383 2040 est.-
1409 1951 1525 2036 Mihi
1552 1952 1659 2037 haec
1689 1951 1806 2072 avis,
1848 1980 1946 2033 cum

252 2104 601 2223 praecedentibus
629 2107 682 2188 ad
709 2104 950 2191 Motacillas
990 2107 1209 2189 referenda
1247 2103 1440 2203 videtur3
1486 2101 1617 2186 habet
1643 2100 1760 2186 enim
1788 2129 1947 2214 ungues

251 2256 435 2372 poeticos
463 2255 636 2339 falcatos
665 2278 709 2338 et
736 2277 915 2340 rostrum
943 2256 1218 2358 Motacillae,
1246 2284 1326 2338 nec
1356 2253 1542 2339 moribus
1568 2250 1724 2337 differt.
1782 2259 1837 2336 Et
1852 2254 1945 2336 Pat-

249 2416 402 2501 Iennris
428 2402 584 2520 postici
605 2435 767 2518 ungues
795 2403 934 2493 adhuc
962 2406 1097 2522 magis
1127 2404 1334 2489 alaudinis
1364 2402 1685 2505 adsimilantur,
1720 2402 1785 2487 uti
1804 2426 1858 2488 'et
1884 2432 1952 2488 re·-

250 2557 386 2672 miges
415 2557 683 2641 secundariae
711 2557 1011 2671 emarginatae.
1081 2559 1207 2643 Unde
1249 2555 1286 2641 si
1324 2555 1438 2643 hanc
1477 2553 1657 2642 Alaudis
1684 2556 1947 2663 adnumeres,

247 2710 391 2799 nullus
419 2706 502 2797 erit
527 2706 743 2794 terminus.

830 2950 1361 2990 ······'··················7

702 3094 848 3200 XXI.
920 3099 1496 3208 ALAUDAE.

387 3293 574 3379 Alaudas
601 3289 648 3375 in
677 3290 934 3406 amplissima
962 3297 1127 3378 Faunae
1153 3319 1319 3381 nostrae
1357 3293 1521 3381 ditione
1564 3299 1706 3416 plures
1749 3290 1842 3379 dari
1888 3295 1950 3380 di·

250 3448 450 3549 stinctae,
481 3475 607 3558 quam
635 3439 708 3526 hic
737 3471 962 3547 enumero,
990 3443 1066 3529 vix
1094 3447 1326 3532 inficiabor.
1399 3453 1504 3533 Sunt
1534 3450 1650 3537 enim
1672 3452 1778 3535 adeo
1799 3476 1948 3561 parum

250 3601 364 3687 inter
391 3626 435 3679 se
464 3593 711 3695 distinctae,
754 3614 801 3675 ut
828 3591 910 3675 nisi
938 3596 1082 3679 volatu
1111 3620 1319 3712 cantuque
1356 3598 1630 3687 notabiliores
1658 3601 1839 3715 prodant
1866 3595 1946 3681 dii·

250 3748 478 3852 ferentias,
507 3774 646 3858 neque
676 3745 729 3828 ab
758 3744 1052 3843 observatore,
1093 3746 1189 3831 aliis
1215 3747 1464 3863 praesertim
1491 3752 1707 3853 distento,
1753 3777 1946 3862 nequeo

250 3902 450 3986 venatore
479 3897 617 3982 curari
645 3918 815 4009 queant.
870 3894 1101 3980 Difficilius
1121 3897 1251 3983 etiam
1273 3899 1440 4015 aliquae
1461 3899 1773 3986 characteribus
1801 3895 1950 3985 distin·

248 4073 458 4173 guantur,
504 4079 607 4164 quas
633 4070 777 4131 tamen
806 4046 1026 4132 distinctas
1054 4075 1143 4132 esse
1185 4072 1332 4134 cantus
1360 4074 1404 4135 et
1431 4083 1568 4137 mores
1597 4072 1791 4164 arguunt.
1861 4054 1947 4135 Ita·

249 4233 333 4319 que
361 4201 445 4287 hoc
474 4198 660 4285 maxime
688 4227 817 4312 genus
845 4196 993 4281 futuris
1020 4199 1359 4286 observatoribus
1386 4204 1667 4301 commendo,
1696 4199 1947 4316 praesertim

251 4384 381 4469 quum
410 4380 739 4468 synonymorum
765 4348 812 4436 in
837 4344 1017 4435 Alaudis
1044 4347 1152 4433 mira
1184 4348 1239 4437 sit
1266 4356 1378 4466 apud
1405 4352 1710 4469 Ornithologos
1737 4347 1945 4438 recentio-

251 4535 318 4595 res
345 4502 549 4594 confusio.

965 4700 1226 4725 Μ
