4410 5910
297 670 300 675 ’
472 651 601 764 Stryx
621 645 737 734 otus
765 645 855 729 tin.
884 664 988 757 syst.
1017 648 1052 728 l.
1090 666 1131 759 p.
1167 654 1254 728 132.
1282 673 1344 758 sp.
1373 662 1413 747 4.

473 802 603 890 Ulula
628 796 797 911 longius
824 793 959 880 aurita
986 798 1104 885 Zool.
1134 796 1282 880 britan.
1312 827 1411 911 pag.
1440 827 1509 905 7ο.
1537 824 1599 910 sp.
1633 830 1669 881 1.
1713 794 1801 883 tab.
1833 798 1885 885 Β.
1909 814 1951 905 4.

518 958 605 1066 fig.
642 962 682 1034 1!
712 952 862 1061 (bona)
892 949 1010 1036 Zool.
1042 973 1143 1037 aret.
1172 953 1228 1033 H.
1256 980 1298 1065 p.
1328 982 1422 1055 229.

473 1114 535 1193 Le
564 1107 706 1190 Hibou
732 1130 787 1187 ou
815 1130 972 1216 moyen
998 1107 1092 1188 Duc
1121 1089 1286 1212 Buffon.
1316 1104 1464 1186 ornitb.
1490 1102 1526 1183 1.
1568 1134 1609 1217 p.
1640 1114 1735 1205 34²·
1763 1103 1855 1189 tab.
1885 1114 1953 1191 aa.

475 1262 604 1371 Stryx
633 1255 871 1360 deminuta,
900 1256 1008 1342 Pau.
1038 1262 1126 1340 itin.
1154 1258 1208 1337 Π.
1238 1254 1414 1368 append.
1443 1286 1484 1370 p.
1514 1286 1609 1363 707·
1638 1286 1679 1338 n.
1712 1271 1777 1361 14.

475 1411 721 1523 Longeared
750 1408 869 1510 Owl,
898 1411 1090 1493 Latham.
1118 1438 1213 1519 syn.
1243 1437 1308 1491 av.
1337 1409 1372 1490 Ι.
1402 1438 1444 1520 p.
1470 1438 1558 1489 121.
1586 1436 1650 1521 sp.
1672 1418 1711 1494 5.
1740 1428 1786 1493 et
1815 1439 1860 1521 p.
1883 1420 1948 1497 ab.

527 1595 591 1680 sp.
627 1580 688 1666 14.
720 1570 765 1670 (e
793 1588 1032 1673 synonymo
1059 1556 1308 1673 duplicata).

393 1714 580 1802 Nomina
626 1714 801 1798 barbara
838 1710 892 1795 ad
932 1733 1178 1824 sequentem
1216 1709 1438 1822 alleganda
1477 1705 1607 1792 etiam
1646 1704 1750 1795 huic
1789 1709 1952 1828 speciei

257 1867 466 1988 applicari
495 1866 622 1980 vulgo
650 1867 802 1950 solent.

392 2019 563 2133 Ubique
591 2047 689 2102 cum
716 2014 1012 2132 praecedenti,
1043 2016 1182 2103 minus
1210 2038 1353 2101 tamen
1380 2014 1576 2128 frequens
1603 2012 1818 2098 occurrite
1841 2012 1947 2103 mihi

251 2173 305 2261 in
339 2170 588 2257 australibus
625 2167 820 2270 Rossiae,
863 2165 1104 2284 pariterque
1146 2168 1193 2253 in
1233 2165 1472 2253 borealibus
1513 2162 1724 2249 citerioris
1767 2150 1950 2255 Sibiriae

253 2327 495 2424 observata,
527 2354 552 2406 a
578 2324 629 2402 M
634 2322 1035 2406 esserscbmidio
1064 2322 1195 2406 etiam
1222 2320 1268 2404 in
1296 2317 1497 2404 adteriore
1525 2316 1694 2403 Sibiria.
1762 2325 1816 2405 In
1843 2327 1947 2407 Tau·

253 2474 345 2563 riae
372 2472 554 2559 vallibus
584 2469 817 2556 nemorosis
857 2500 942 2555 non
982 2471 1240 2590 infrequens.
1309 2470 1510 2574 Volatus,
1551 2492 1599 2555 ut
1634 2471 1724 2557 tere
1751 2473 1947 2563 omnibus

254 2623 480 2740 Strygibus
506 2623 639 2721 lenis,
666 2621 815 2725 silens,
859 2644 1066 2709 nocturno¹
1101 2626 1309 2741 mysterio
1345 2623 1654 2712 accomodatus.
1722 2626 1946 2713 Nasutum

252 2775 302 2865 in
328 2775 497 2892 rupium
524 2774 676 2860 fissuris
705 2795 750 2857 et
777 2773 996 2858 ruderibus
1023 2776 1192 2891 passim.
1249 2778 1421 2862 Plumae
1449 2782 1728 2863 numentanam
1752 2774 1880 2893 hujus
1904 2798 1951 2863 et

252 2927 547 3045 praecedentis
577 2959 601 3012 a
628 2923 770 3011 Rossis
799 2946 843 3009 ct
868 2926 1032 3035 Tataris
1059 2928 1105 3012 in
1126 2927 1281 3015 Sibiria
1301 2960 1379 3044 pro
1399 2926 1770 3045 praestantissimis
1790 2928 1945 3017 haben·

255 3100 326 3177 tur
350 3079 519 3184 illiciis,
550 3076 679 3163 hamo
709 3075 949 3190 affigendis,
978 3081 1032 3165 ad
1060 3080 1196 3197 pisces
1224 3109 1395 3197 rapaces
1425 3078 1718 3195 decipiendos.

391 3233 566 3317 Descr.
625 3228 849 3318 Coloribus
878 3232 984 3316 adeo
1012 3230 1164 3317 similis
1206 3254 1270 3317 est
1296 3234 1484 3333 Buboni,
1522 3254 1569 3316 ut
1609 3230 1694 3319 nisi
1733 3256 1825 3321 tam
1864 3234 1942 3321 lats

252 3381 446 3469 differret
474 3381 742 3497 magnitudO,
785 3382 861 3467 vix
888 3382 1234 3498 distingueretur:
1274 3389 1387 3472 Mola
1423 3382 1500 3469 vix
1526 3384 1754 3472 Cornicem
1783 3408 1944 3503 aequat.

251 3536 447 3635 Rostntm
486 3537 684 3650 nigrum,
734 3534 827 3620 basi
866 3533 1077 3634 lividum,
1126 3536 1302 3622 maxilla
1343 3535 1545 3623 inferiore
1586 3537 1708 3654 apice
1748 3538 1943 3657 utrinque

253 3686 536 3798 emarginata,
569 3709 617 3771 ut
643 3685 806 3799 majori.
827 3738 883 3754 -
909 3688 1038 3804 Pepla
1064 3686 1241 3792 minora,
1271 3687 1432 3775 circulo
1459 3688 1581 3805 nigro
1609 3689 1835 3777 evidenter
1861 3690 1943 3777 ciu-

253 3858 344 3940 cta,
388 3835 464 3951 qui
503 3865 589 3922 non
630 3860 803 3953 apparet
841 3837 888 3923 in
927 3841 1124 3940 Bubone.,
1166 3838 1231 3924 uti
1271 3869 1350 3927 nec
1385 3869 1484 3925 area
1506 3841 1649 3926 lunata
1676 3865 1777 3931 ante
1803 3842 1943 3931 oculos

252 4012 355 4077 atra.
413 3993 635 4077 Cornicula
661 3989 824 4075 minora
853 4019 878 4074 e
905 3989 1102 4105 pennulis
1130 3990 1301 4076 circiter
1327 3991 1488 4106 quinis,
1532 4024 1661 4109 quum
1694 3994 1742 4081 iu
1771 3998 1942 4081 Rubono

252 4170 379 4258 saepe
407 4142 652 4228 contineant
680 4164 873 4258 septenas
901 4165 947 4227 er
971 4144 1093 4228 ultra.
1173 4142 1376 4232 Tecmoes
1411 4146 1503 4231 alae
1531 4146 1804 4233 secundariae
1832 4170 1942 4233 exte·

252 4292 341 4378 rius
368 4292 543 4379 maculis
571 4292 678 4378 albis
705 4293 1026 4410 marginalibus,
1070 4294 1414 4381 evidentissimis.
1476 4300 1606 4385 Pedes
1643 4297 1781 4415 magis
1821 4301 1941 4387 lutet·

253 4467 422 4545 centes,
449 4475 589 4561 neque
615 4445 822 4531 undulati.
836 4493 893 4517 -
921 4450 1047 4533 Color
1073 4478 1194 4564 supra
1220 4446 1354 4561 magis
1382 4446 1653 4565 fuliginosus3
1686 4453 1834 4538 subtus
1859 4450 1941 4569 pal·

253 4596 344 4683 lide
371 4596 653 4711 ferrugineus,
682 4625 819 4713 neque
847 4598 1026 4700 albicat,
1058 4599 1178 4685 utin
1204 4602 1394 4687 Bubone.
1463 4605 1634 4690 Plumae
1660 4601 1824 4719 ubique
1851 4606 1940 4689 liru-

251 4744 311 4833 ris
336 4746 717 4861 longitudinalibus
742 4772 936 4856 notatae,
962 4754 1038 4857 sed
1065 4750 1196 4839 rarius
1223 4753 1466 4839 undulataa.
1521 4756 1679 4841 Remea
1701 4756 1865 4843 extima
1883 4780 1939 4839 to·

254 4917 303 4989 to
322 4897 529 5016 margine,
560 4900 757 5020 proxima
774 4933 905 5023 usque
924 4907 979 4995 ad
997 4904 1188 4998 medium
1207 4928 1402 4997 murtae.
1440 4907 1666 5031 ,Tecuices
1691 4910 1836 5001 abtas
1862 4936 1936 4993 ms
