4410 5910
1013 424 1163 486 m
1882 379 2035 526 ,γ’

254 632 514 721 aestimatae.
569 636 659 718 llae
687 659 811 752 saepe
839 660 924 734 ore,
951 653 1113 730 ventre,
1140 628 1236 744 gula
1262 629 1486 718 extimisve
1520 634 1703 750 pedibus
1730 638 1826 724 albo
1840 653 1853 706 ἑ
1867 663 1942 728 no·⁸

248 812 376 874 tatae.
433 788 587 890 Canae,
615 786 737 900 nigro
762 774 963 902 virgatae,
991 787 1103 869 ferae
1115 789 1121 809 ²
1131 784 1254 902 stirpi
1281 785 1525 888 similiores,
1557 817 1659 901 quas
1683 790 1864 904 Cyprias
1890 788 1941 880 in?

249 939 476 1026 Germania
505 962 673 1037 vocant,
698 963 865 1024 tantum
882 939 928 1025 in
949 935 1261 1024 australioribus
1282 938 1468 1037 Rossiae,
1487 940 1792 1057 praesertimin
1806 943 1943 1033 Cher--

250 1122 399 1178 soneso
422 1090 585 1177 taurica
610 1093 850 1206 frequentes
883 1113 991 1191 sunt,
1026 1112 1072 1174 et
1103 1090 1336 1175 certissime
1372 1089 1655 1178 adventitiae.
1686 1145 1736 1161 --
1791 1098 1941 1182 Felem.

250 1245 391 1361 pulice
418 1276 505 1329 non
533 1243 725 1329 infestari
750 1245 856 1328 falso
884 1242 1029 1331 asserit
1055 1247 1336 1343 Limnaeum
1378 1245 1488 1358 apud
1517 1275 1592 1328 nos
1620 1237 1861 1361 frequentes
1890 1248 1940 1337 in

251 1396 304 1479 iis
340 1420 513 1496 aestate,
547 1396 724 1482 minoris
754 1396 1000 1481 rufescentis
1034 1395 1250 1482 varietatis
1284 1394 1459 1510 pulices.
1489 1447 1564 1479 .--
1610 1400 1751 1483 Mares
1788 1399 1937 1486 felium

251 1577 416 1663 semper
442 1548 583 1666 capite
610 1547 834 1635 torosiores
861 1569 905 1632 et
932 1550 1205 1646 robusttores,
1241 1569 1418 1662 uterque
1445 1569 1588 1633 tamen
1615 1578 1738 1633 sexus
1765 1583 1788 1635 a
1815 1554 1937 1664 {mole

249 1702 362 1787 ferae
390 1702 532 1817 stirpis
560 1705 740 1788 multum
774 1699 1005 1786 deminuta.
1075 1703 1242 1787 Femina
1279 1698 1391 1814 parit
1427 1699 1473 1782 in
1512 1700 1619 1782 latus
1658 1704 1936 1806 decumbens;

250 1885 323 1940 ore
348 1853 432 1939 sibi
460 1837 756 1940 obstetricatur
781 1850 886 1968 ipsa,
911 1853 1151 1967 placentam
1178 1853 1352 1941 devorat
1378 1873 1422 1936 et
1449 1879 1575 1968 saepe
1592 1883 1726 1938 unum
1743 1855 1937 1948 alterum-
1998 1941 2006 1950 ,

248 2036 331 2122 que
358 2008 535 2123 pullum.

384 2318 497 2401 Not.
531 2354 565 2402 r.
618 2318 794 2404 Pelles
818 2327 904 2404 call
920 2321 1017 2430 feri,
1045 2347 1145 2434 quas
1175 2320 1228 2405 ad
1256 2318 1434 2404 Cumam
1460 2322 1501 2404 ll.
1518 2340 1673 2434 'captas
1699 2342 1744 2402 et
1775 2348 1804 2404 e·
1828 2318 1932 2404 Cau·

249 2500 346 2561 caso
377 2469 535 2554 adlatas
561 2468 753 2569 tractavi,
782 2489 889 2585 quae
919 2502 943 2553 a
971 2484 1021 2556 30
1051 2471 1104 2554 ad
1133 2484 1183 2556 60
1212 2468 1397 2555 hastulas
1436 2468 1522 2554 emi
1558 2470 1715 2570 solent,
1754 2470 1934 2587 lungite
2022 2581 2024 2586 Ι

252 2621 351 2706 dine
386 2644 506 2705 erant
531 2645 709 2738 quatuor
735 2623 1002 2721 dodrantum,
1030 2624 1163 2707 cauda
1192 2622 1331 2736 sesqui
1344 2674 1358 2686 -
1372 2622 1624 2708 dodrantali.
1688 2628 1815 2712 Color
1848 2621 1937 2738 qui·

251 2775 429 2859 busdam
455 2773 768 2860 cano-cinereus
799 2777 876 2882 (ut
901 2773 983 2859 feli
1005 2772 1205 2890 cypriae)
1243 2773 1337 2859 aliis
1365 2803 1588 2888 gryseoseu
1620 2775 1938 2861 latescente-ci·

251 2955 414 3026 nereus,
440 2924 547 3041 (qui
572 2919 703 3010 etiam
728 2924 774 3010 in
801 2925 1036 3010 domestica
1062 2955 1186 3042 saepe
1213 2927 1424 3057 occurrit)
1457 2926 1503 3010 in
1538 2927 1681 3013 medio
1712 2931 1835 3015 dorso
1864 2931 1937 3013 ob·

252 3077 424 3164 acutior.
477 3080 612 3164 Aures
637 3077 895 3176 concolores,
927 3077 1040 3161 intus
1069 3077 1212 3163 albido
1238 3057 1412 3192 pilosae.
1467 3049 1629 3191 strigae
1665 3103 1844 3194 quatuor
1875 3079 1939 3165 ni·

253 3261 348 3346 grae
379 3262 403 3323 a
430 3233 568 3317 fronte
594 3227 937 3342 longitudinales,
966 3259 1042 3347 per
1061 3229 1274 3316 cervicem
1301 3252 1398 3326 tres,
1424 3231 1550 3316 unica
1577 3262 1655 3347 per
1681 3235 1850 3317 dorsum
1875 3255 1950 3329 to<

254 3407 343 3468 tum
369 3381 634 3478 continuata3
653 3384 858 3490 fasciolae
881 3410 957 3497 per
979 3384 1112 3467 latera
1133 3381 1300 3492 astriga
1323 3382 1480 3466 dorsali
1492 3379 1761 3470 transversim
1774 3385 1939 3480 ductae,

255 3557 471 3633 arcuatae,
514 3531 718 3616 lateribus
744 3532 1094 3648 subinterruptae.
1146 3534 1299 3618 Subtns
1326 3563 1475 3648 corpus
1503 3531 1735 3631 lituratum,
1761 3533 1809 3616 in-
1837 3565 1942 3618 cana

256 3686 459 3770 varietate
488 3684 633 3772 medio
660 3654 1026 3799 longitudinaliter
1055 3683 1258 3770 albidum.
1314 3688 1462 3771 Gauda
1487 3708 1611 3784 teres,
1638 3683 1813 3785 villosa,
1850 3685 1943 3771 basi

255 3840 468 3938 concolor,
495 3837 542 3926 in
569 3859 763 3923 extremo
790 3836 956 3922 annulis
984 3837 1118 3921 tribus
1150 3836 1305 3923 sensim
1340 3835 1560 3922 latioribus
1598 3860 1642 3922 et
1679 3838 1799 3952 apice
1841 3860 1942 3923 atra.

254 3991 383 4076 Pedes
409 3986 720 4089 fusco-liturati,
747 3986 903 4104 plantis
923 3989 1412 4103 grymo-lutescentibus.
1468 3993 1684 4122 Mystaces
1714 3989 1861 4074 albidi.

389 4297 504 4383 Not.
534 4331 573 4383 a.
633 4300 683 4377 In
710 4291 975 4380 Pensinensia
1004 4294 1209 4380 Gubernii
1254 4325 1363 4414 pago
1398 4295 1659 4392 Nikolskoe,
1704 4295 1888 4380 Beketof
1890 4296 1944 4375 ka

259 4448 568 4560 cognominato,
602 4449 657 4533 ad
684 4444 832 4530 villam
858 4445 1029 4531 domini
1051 4450 1291 4534 versabatur
1318 4449 1427 4548 felis,
1456 4479 1563 4563 quac
1598 4478 1722 4561 saepe
1756 4423 1803 4529 in
1841 4442 1943 4526 vici·

264 4627 363 4682 num
387 4631 533 4686 nemus
560 4614 798 4697 excurrere,
812 4596 985 4713 diuque
1008 4630 1035 4682 a
1052 4600 1192 4685 domo
1205 4603 1349 4686 abesse
1372 4603 1547 4684 solebat.
1589 4604 1704 4681 Haec
1719 4595 1945 4708 aliquando

276 4749 410 4855 (circa
443 4750 764 4869 1790),peparit
790 4770 876 4835 tres
903 4751 1097 4867 pupulos,
1121 4782 1250 4840 ¹unam
1274 4753 1502 4849 femellam,
1516 4746 1669 4861 quibus
1684 4745 1808 4829 matri
1820 4721 1947 4860 plane
2015 4773 2018 4781 ’

279 4894 482 4989 dissimilis
511 4903 683 4992 habitus
705 4923 758 4988 et
779 4902 1180 5005 renuaeolorear
1205 4903 1478 4989 consistentia
1510 4900 1727 4984 Mustelae
1762 4901 1949 5011 4Ρογηαε,

516 5062 524 5072 ·
1423 5063 1449 5113 s
