4410 5910
865 363 1012 418 Ε·-
1699 374 1790 461 339

183 590 190 599 ·
248 627 252 634 ,
319 566 448 652 Falco
477 563 635 666 fulvus,
662 562 749 651 tin.
776 588 882 680 syst.
912 569 1008 653 XII.
1039 601 1079 683 p.
1116 581 1203 658 125.
1232 599 1296 688 sp.
1327 582 1365 658 6.
1409 573 1601 661 tutam.
1628 607 1725 692 syn.
1752 581 1790 664 I.

372 753 413 834 p.
443 732 509 804 32.
539 752 579 802 n.
610 734 648 806 6.
679 719 944 834 (Ringtailed
971 722 1136 834 Eagle).
1406 751 1409 756 ’

314 871 473 987 Aquila
502 872 758 978 communis,
799 878 963 985 Buffon.
992 880 1139 960 ornith.
1165 879 1200 962 l.
1241 910 1285 993 p.
1314 889 1381 965 86.
1433 881 1652 967 D’aubent.
1680 889 1786 968 icon.

368 1033 495 1112 color.
526 1059 564 1108 η.
590 1042 688 1132 409.

207 1177 381 1264 Rossice
423 1177 596 1263 nomine
637 1177 835 1290 generice
877 1178 977 1264 Ονὲὶ
1005 1180 1074 1264 vel
1101 1181 1298 1295 speciali,
1326 1215 1351 1266 a
1376 1181 1541 1268 Tataris
1569 1183 1785 1270 adscititio

260 1333 424 1414 Berkut.
481 1319 644 1414 Tataris
672 1331 718 1415 in
746 1330 987 1415 universum
1015 1336 1207 1450 Bjrlrlsut5
1233 1335 1389 1419 Jacutis
1417 1341 1532 1419 Kora
1546 1387 1560 1400 ·
1573 1341 1784 1449 tschugyz.

258 1481 517 1579 Calmuccis,
547 1481 759 1595 Mongolis
787 1505 830 1566 et
857 1485 1064 1598 Tungus'is
1093 1485 1304 1571 Dauuriae
1330 1487 1607 1583 Tarbodsclu‘5
1635 1493 1785 1572 Lamu-

257 1633 312 1717 tis
345 1634 477 1719 Wlalz.
533 1633 740 1748 Jukagiris
767 1640 927 1719 Kaniel.
970 1636 1186 1751 ,Tangutis
1218 1640 1439 1752 Tong'kar.
1790 1641 1793 1646 ’

104 1848 107 1862 .
231 1784 355 1872 circa
382 1785 584 1869 Uralense
612 1793 756 1899 jugum
793 1817 1021 1901 omnesque
1050 1788 1151 1873 inde
1177 1813 1456 1875 ramescentes
1483 1813 1640 1874 tractus
1667 1814 1788 1875 mone

95 1961 216 2024 tanos
247 1936 430 2051 apricos,
457 1935 592 2019 etiam
619 1938 938 2038 clementiores,
967 1940 1304 2054 frequentissima
1334 1941 1444 2041 avis,
1486 1972 1624 2057 neque
1652 1940 1698 2026 in
1725 1942 1784 2026 al·

90 2088 299 2207 pestribus
329 2087 481 2202 apricis
507 2086 709 2188 Sibiriae,
735 2090 984 2204 praesertim
1011 2092 1221 2177 Dauuriae
1251 2095 1383 2177 deest.
1453 2093 1644 2178 Maxime
1671 2116 1786 2178 amat

90 2243 280 2328 excelsas
308 2269 431 2355 rupes
458 2262 504 2323 et
530 2240 625 2324 loca
650 2239 791 2344 edita,
834 2245 949 2326 unde
978 2273 1053 2359 per
1080 2244 1425 2356 circumjacentes
1452 2277 1624 2361 campos
1650 2245 1784 2361 impe·

90 2394 157 2480 rio
185 2422 358 2508 regnare
385 2388 536 2507 possit,
565 2423 691 2508 saepe
718 2395 947 2478 multorum
975 2393 1221 2479 milliarium
1249 2395 1475 2482 intervallo
1497 2431 1521 2481 a
1542 2397 1645 2482 nido
1665 2427 1784 2513 prae-

90 2547 324 2632 dabundus.
394 2541 672 2628 Nobilissima
706 2568 753 2630 et
789 2575 884 2629 cum
912 2543 1108 2660 sequenti
1135 2545 1321 2630 maxime
1351 2547 1536 2632 animosa
1563 2549 1641 2633 sui*
1657 2571 1786 2663 gene
1866 2566 1869 2570 ’

88 2698 166 2800 ris,
197 2699 271 2782 sed
300 2699 388 2780 sola
415 2694 694 2782 institutionis
722 2696 908 2813 patiens,
950 2699 1061 2781 unde
1090 2697 1202 2783 inter
1230 2702 1444 2784 Nomadas
1472 2700 1624 2799 Asiae,
1664 2727 1783 2815 prae·

88 2847 236 2935 sertim
265 2845 474 2962 Kirgisos,
512 2849 749 2934 venationis
778 2849 1084 2934 amantissimos
1113 2849 1255 2967 magni
1284 2851 1544 2955 aestimatur,
1588 2878 1784 2966 quaeque

61 3001 294 3101 ‚docilion
335 3032 420 3085 non
461 3000 576 3085 enim
610 3002 747 3085 omnis
787 3001 997 3085 feritatem
1031 3001 1173 3105 exuit,
1216 3002 1354 3087 nobili
1397 3033 1506 3114 equo
1546 3003 1782 3090 redimitur.

91 3153 425 3268 Vilipenduntur
452 3153 680 3252 clamosae;
708 3150 838 3267 periti
866 3151 996 3235 etiam
1026 3173 1164 3264 gestus
1194 3175 1413 3265 motusque
1442 3152 1530 3235 avis
1557 3155 1783 3237 observare

86 3328 132 3391 et
159 3306 261 3391 inde
290 3305 496 3420 judicium
525 3307 632 3388 ferre
660 3305 830 3389 callent.
901 3302 1125 3387 Instruitur
1165 3303 1413 3418 praesertim
1455 3305 1509 3386 ad
1550 3304 1782 3419 Antelopa‘·

84 3482 250 3542 mmet
284 3461 480 3574 luporum
522 3456 795 3571 vulpiumque
825 3453 1112 3557 venationem,
1155 3477 1201 3538 et
1238 3454 1350 3538 inter
1387 3457 1490 3552 duos
1530 3453 1783 3539 falconarios

84 3607 132 3693 in
159 3609 340 3724 pertica,
387 3611 456 3694 vel
491 3609 537 3694 in
576 3609 717 3721 ligneo
753 3606 1035 3693 sustentaculo
1076 3605 1242 3721 stapedi
1270 3607 1427 3721 equitis
1455 3606 1626 3711 innixo,
1669 3628 1783 3692 tecta

87 3764 235 3848 oculos
261 3763 507 3877 praefertur.
578 3759 840 3845 Animalium
880 3759 1091 3845 minomm
1135 3760 1268 3844 altero
1306 3763 1418 3874 pede
1460 3784 1608 3877 caput,
1651 3761 1785 3846 altero

87 3913 234 3999 clunes
260 3913 477 4030 corripere
506 3916 633 4014 solet;
675 3921 887 4025 Majorum
920 3942 1023 3997 vero
1059 3910 1305 3996 animalium
1333 3909 1380 3996 in
1406 3911 1549 4027 capita
1576 3936 1623 3995 et
1649 3908 1784 3995 cervi-

85 4095 182 4151 cem
211 4066 386 4151 falculas
413 4064 589 4178 injicere
617 4068 838 4164 edocetur,
876 4061 960 4150 hoc
996 4063 1244 4178 praesertim
1282 4068 1442 4161 modo,
1471 4085 1519 4147 ut
1547 4061 1784 4161 famelicae,

86 4220 233 4304 demta
260 4219 382 4332 galea
409 4220 553 4304 oculos
582 4241 752 4333 tegente
760 4268 773 4315 ,·
794 4248 955 4317 carnes
981 4214 1327 4329 sanguinolentae
1355 4246 1441 4298 non
1468 4214 1613 4316 aliter,
1656 4243 1784 4327 quarn

85 4368 134 4454 in
159 4370 305 4485 capite
333 4369 405 4452 vel
431 4370 597 4455 cervice
627 4373 826 4455 effarctae
855 4368 980 4485 pellis
1009 4367 1179 4481 majoris
1214 4369 1429 4469 cujusdam
1459 4363 1653 4448 animalis
1679 4366 1784 4447 offe·

80 4544 243 4607 runtur.
320 4528 459 4608 Docta
505 4522 644 4635 aquila
672 4525 784 4638 apud
822 4521 1008 4636 Kirgisos
1047 4522 1210 4605 duobua
1250 4516 1434 4605 Camelis
1474 4516 1784 4633 aequiparatam.

85 4676 249 4761 Nudum
271 4674 421 4761 condit
447 4675 493 4761 in
522 4677 649 4791 plano
676 4674 792 4791 rupis
820 4673 1079 4771 maccessae,
1112 4669 1202 4754 imo
1227 4668 1273 4752 in
1299 4668 1434 4754 calvis
1462 4665 1670 4760 montium
1696 4667 1785 4753 col·

85 4828 280 4943 liumque
309 4826 467 4915 deserti
495 4825 746 4929 verticibus,
783 4856 809 4911 e
845 4824 1006 4912 circulo
1042 4850 1251 4909 ramorum
1284 4852 1410 4937 supra
1447 4822 1615 4907 nudum·
1643 4819 1785 4904 solum

966 4996 972 5003 ¹
1328 4985 1348 5025 ί
