4410 5910
1026 362 1186 419 ιιι·
1853 362 1955 448 129

370 568 548 669 Roaiiee
580 544 915 683 Wuycbuchollr
936 560 1118 651 Uerania
1148 565 1366 684 Morskaja‘
1401 561 1572 678 myrob'
1586 571 1708 680 (mus
1743 562 1953 683 marinuq)

425 723 498 810 vel
522 726 753 822 chochem
780 722 838 806 ed
864 715 1033 804 Tarmita
1056 721 1238 804 Cbocltol
1263 737 1310 800 et
1335 719 1537 811 cunctat.

369 897 532 982 Tataris
571 892 880 981 casaniensibus
919 893 1177 1006 Sudgepbrer
1216 887 1458 976 Basehkirls
1494 895 1696 1008 Kurchyl.
1745 890 1947 980 Bocharia

423 1051 509 1135 Su·
523 1048 670 1161 dapar.
697 1064 704 1079 '
731 1043 971 1173 Cebuuecis
990 1047 1148 1172 'Sourta
1162 1045 1394 1157 -caotgotrb
1417 1045 1642 1154 (odorams
1668 1054 1801 1158 mus).

335 1327 356 1367 ⁴,
375 1240 603 1359 ⁸Gigantea
622 1241 675 1331 in
701 1271 775 1329 suo
804 1267 956 1360 genere
984 1236 1167 1356 species,
1193 1235 1406 1333 nestitae.
1420 1245 1587 1339 Faunae
1615 1264 1661 1332 ut
1687 1242 1855 1366 videtur
1874 1269 1946 1357 pe·

257 1391 451 1500 culiaris,
493 1426 517 1479 a
551 1423 620 1487 me
654 1393 841 1509 primum
867 1395 921 1503 ad
947 1421 1077 1511 genus
1105 1419 1225 1481 suum
1264 1392 1453 1483 naturale
1493 1393 1625 1483 relata
1665 1399 1773 1515 (istm
1798 1401 1880 1481 vol.
1908 1398 1946 1478 Ι.

255 1577 357 1660 pag.
394 1552 502 1657 156.)
529 1512 940 1661 frequentissimam
969 1543 1215 1636 australibus
1243 1544 1377 1631 amnis
1401 1547 1564 1665 Volgae
1593 1569 1636 1632 et
1662 1545 1946 1632 incidentium

254 1695 302 1782 in
329 1696 450 1781 illam
477 1697 719 1803 fluviorum,
749 1727 879 1814 usque
908 1701 961 1783 ad
990 1700 1171 1795 Occam,
1198 1719 1244 1781 et
1270 1703 1466 1795 Kamam,
1507 1698 1635 1813 inque
1662 1699 1833 1784 lacubus
1875 1700 1946 1782 ad·

255 1849 512 1963 jacentibus3
541 1873 588 1935 ut
615 1873 658 1936 et
684 1848 732 1936 in
759 1855 893 1935 Tanai·
919 1852 961 1935 fl.
999 1846 1122 1934 Alibi
1148 1851 1338 1933 nondum
1365 1851 1602 1954 observata,
1645 1850 1873 1966 nequidem
1898 1848 1945 1935 in

253 1997 459 2114 Rhymno
487 2017 601 2088 mare
629 1999 818 2120 caspium
845 2005 1045 2105 adeunte,
1087 2029 1167 2087 nec
1202 2000 1313 2086 cirea
1341 1986 1481 2117 ipsum
1505 1998 1631 2089 illum
1672 2004 1823 2089 lacum.
1893 2009 1943 2088 In
2066 2122 2069 2129 ⁴

251 2150 509 2240 Buchariam
530 2144 750 2242 excurrere
764 2155 950 2272 speciem
978 2157 1016 2238 F
1021 2159 1107 2240 alb
1132 2152 1336 2270 prodidit
1393 2153 1746 2272 Monograpbiam
1758 2155 1805 2239 in
1820 2156 1943 2242 com-

252 2304 472 2390 mentariis
499 2300 758 2397 Academiae
793 2304 1131 2422 Petropolitana‘e
1170 2305 1232 2390 ita
1269 2307 1504 2393 absolutam
1541 2307 1664 2411 dedi,
1713 2339 1811 2397 cum
1850 2338 1944 2394 ana·

253 2479 371 2542 tome
400 2480 445 2543 et
470 2458 684 2566 iconibus,
711 2480 760 2544 ut
786 2457 899 2545 nihil
926 2457 982 2543 sit
1008 2459 1263 2544 addendum.

390 2709 436 2792 N
440 2730 540 2796 ota.
576 2747 609 2796 1.
663 2688 912 2828 Peregrinus
941 2712 1037 2798 Mus
1064 2712 1240 2798 odorata
1266 2711 1499 2801 celebratus
1524 2704 1749 2831 pellicula,
1776 2711 1832 2799 de'
1861 2743 1945 2828 quo

250 2862 605 2977 Hieronymus
632 2867 690 2950 ad
716 2865 1037 2970 Demetriadem,
1077 2892 1286 2981 quemque
1328 2863 1594 2980 antiquorum
1635 2859 1790 2981 aliqui,
1832 2863 1946 2951 inter

250 3010 359 3097 alios
388 3014 639 3102 Gesnerus
682 3018 753 3129 (de
780 3017 980 3133 quadmp.
1011 3022 1058 3134 p?
1080 3031 1175 3128 697.
1204 3039 1250 3102 et
1276 3024 1390 3127 732.)
1432 3000 1485 3102 ad
1524 3015 1750 3102 Moschum
1789 3021 1945 3104 referre

249 3165 497 3271 voluerunt,
544 3189 659 3254 certe
687 3171 741 3255 de
755 3178 758 3183 '
773 3169 916 3256 Sorice
943 3144 1169 3254 moscbato'
1191 3192 1254 3254 est
1280 3168 1605 3280 intelligendus,
1645 3198 1776 3282 quem·
1799 3171 1946 3255 Hiero·

251 3315 376 3430 nymi
401 3318 661 3436 temporibus
679 3342 710 3412 ι’
726 3297 916 3406 barbaris
938 3297 1242 3407 borealioribus
1267 3317 1459 3436 accipere
1487 3330 1699 3436 poterant:
1725 3320 1789 3406 sic
1814 3321 1946 3406 etiam

250 3470 423 3557 auctos
450 3504 581 3558 mures
608 3471 895 3588 (pellitoribus
924 3471 1131 3586 germanis
1151 3477 1361 3560 Bilchmus
1382 3471 1537 3583 dictos)
1567 3475 1821 3560 Gesnerus
1846 3469 1945 3557 scri·

250 3622 318 3709 bit
348 3628 410 3739 (p.
439 3631 553 3735 737.)
581 3654 606 3711 e
638 3624 811 3712 Croatia
838 3647 887 3746 et
903 3622 1160 3745 regionibus
1178 3625 1291 3711 circa
1313 3624 1539 3711 Venetiam
1562 3624 1700 3733 mitti,
1726 3648 1772 3714 et
1791 3626 1943 3743 pelles,

255 3805 358 3891 quas
386 3774 516 3881 vidit,
545 3751 666 3865 dicit⁸
680 3775 806 3897 fixisse
834 3777 974 3867 colore
1001 3778 1139 3880 fusco,
1180 3807 1236 3866 ex
1263 3777 1432 3867 cinereo
1459 3778 1570 3885 fere,
1610 3778 1818 3894 pendiari
1840 3807 1945 3892 quo

252 3928 356 4017 dam
381 3929 531 4035 odore,
575 3931 689 4016 unde
715 3929 850 4045 capiti
876 3928 1049 4047 quidam
1075 3959 1228 4028 nocere
1255 3950 1418 4048 putent.
1487 3935 1677 4050 Apparet
1716 3931 1819 4022 hinc
1857 3961 1945 4037 non

253 4075 447 4185 Citillos,
494 4083 572 4203 sed
600 4081 788 4171 Soricem
816 4080 1080 4205 moaqhatum
1106 4082 1252 4185 fuisse,
1293 4088 1409 4199 cujus
1445 4085 1692 4170 Gesnerus
1717 4083 1829 4172 vidit
1854 4083 1943 4199 pel·

254 4227 331 4314 les.
388 4235 471 4321 Sed
496 4264 653 4321 nomen
681 4236 801 4355 mela
819 4235 1078 4355 applicatum
1103 4232 1358 4352 putaverim
1395 4232 1688 4327 maechantur
1717 4239 1942 4349 Germannf

259 4408 351 4465 rum
377 4407 440 4469 est
465 4389 554 4475 Glis
582 4393 878 4486 Romanorum.

396 4644 438 4726 N
444 4615 542 4761 ota.
571 4681 610 4733 a.
662 4655 757 4791 kur
793 4598 981 4738 celeberr·
1020 4650 1184 4756 Meltel
1223 4649 1373 4739 doetrit
1406 4646 1630 4765 amphibia
1665 4647 1944 4761 quadrupeda

278 4809 351 4899 ope
377 4789 531 4886 sinuum
559 4831 818 4915 venosorum·
836 4801 1136 4912 maximorum,
1161 4803 1218 4893 in.
1241 4803 1404 4922 quibus·
1421 4801 1609 4918 sanguia,
1634 4799 1842 4919 impedito
1863 4829 1944 4917 pes

1520 4991 1566 5070 ¹7
1942 4979 1945 4984 ’
