4410 5910
1026 336 1176 401 m?
1586 424 1590 433 ¹
1852 351 1943 439 127

416 543 828 669 gulis'Paotkatebes
855 541 1040 635 Ostiacis
1066 541 1387 661 Surgutensibus
1414 549 1590 648 Kailezn
1627 552 1681 638 ad
1709 555 1873 669 Narym
1899 573 1944 642 et

417 712 569 791 Ketam
597 706 640 790 fl.
670 706 861 790 Cholleb'.
916 699 1125 815 Tungusis
1154 704 1207 787 ad
1236 700 1453 816 Chatanga
1479 707 1521 788 fl.
1550 708 1696 792 Kobol.
1761 712 1945 823 Samoje·

419 857 486 944 dis
514 854 757 946 monticolis
784 850 990 970 Hnngito3
1042 848 1358 942 Camaschinzis
1383 861 1550 944 Kallas.
1619 856 1789 947 Arinzis
1816 866 1943 981 Krije5

414 1015 470 1099 ad
498 1020 606 1101 Kaas
631 1014 674 1098 fl.
698 1013 794 1132 Ujo.
850 1007 1097 1126 Georgianis
1128 1009 1413 1098 Tscbumaela.
1467 1012 1670 1128 Tangutis
1696 1018 1941 1129 Baebelong.

384 1233 441 1315 'In
470 1225 620 1315 Roasia
646 1257 733 1317 non
759 1231 916 1335 solum,
959 1229 1033 1316 sed
1061 1226 1192 1315 etiam
1220 1225 1376 1314 Sibiria
1402 1227 1541 1340 omni,
1586 1238 1640 1319 ad
1680 1240 1838 1320 Lenam
1877 1266 1942 1322 ns·

249 1414 356 1504 que,
385 1380 493 1472 loeis
521 1381 719 1500 caespite·
735 1405 780 1468 et
805 1380 938 1472 burno
966 1383 1112 1487 tectis,
1143 1381 1273 1467 etiam
1293 1379 1597 1471 borealioribus
1625 1385 1753 1488 vivit;
1782 1411 1942 1504 tempe·

249 1539 427 1625 rariores
455 1536 648 1654 regiones
677 1504 861 1622 attamen
889 1540 1092 1656 praefert,
1135 1557 1181 1620 et
1225 1533 1382 1650 ubique
1423 1534 1549 1622 solito
1582 1567 1697 1623 more
1726 1541 1802 1625 sub
1831 1568 1942 1626 caes-

248 1692 344 1809 pite
371 1690 481 1778 fodit
509 1689 661 1804 egestis
688 1719 766 1807 per
789 1690 1015 1777 intervalla
1041 1688 1241 1794 cumulis,
1284 1713 1329 1775 et
1366 1688 1701 1805 hybernaculum
1743 1714 1943 1778 autumno
2031 1693 2035 1699 ’

250 1844 521 1962 profundius,
564 1844 699 1929 multa
727 1862 868 1959 egesta
907 1867 1037 1948 terra,
1081 1867 1201 1960 parat
1228 1846 1299 1930 vel
1327 1845 1402 1929 sub
1416 1843 1592 1931 acervis
1619 1843 1735 1928 foeni
1763 1845 1941 1958 quaerit.

251 1996 411 2114 Aprica
440 2021 653 2084 caeterum
681 2018 814 2096 amat,
854 2026 934 2082 nec
969 2020 1112 2082 tamen
1139 1997 1278 2111 sylvas
1302 2019 1478 2083 recusat.
1547 2000 1673 2083 Pallia
1711 2024 1788 2114 pro
1830 2029 1943 2082 amu·

251 2152 340 2237 leto
367 2149 506 2267 plebi,
536 2150 702 2267 pectori
731 2126 934 2266 adpensa,
962 2173 1107 2236 contra
1134 2151 1292 2249 febres,
1321 2173 1366 2235 et
1385 2148 1422 2234 si
1445 2151 1600 2237 virtute
1623 2173 1780 2256 careat,
1810 2149 1942 2241 etiam

249 2302 297 2388 in
326 2303 488 2390 cineres
515 2308 683 2391 redacta
709 2327 891 2421 potatur.
945 2307 1016 2389 Ad
1043 2303 1207 2389 Tanain
1235 2327 1279 2388 et
1304 2303 1351 2388 in
1380 2280 1648 2390 caucaso'ad
1670 2307 1827 2420 Cyrum
1854 2336 1941 2390 om-

251 2486 353 2541 nem
379 2485 510 2570 usque
538 2456 676 2542 minus
703 2460 898 2574 frequens
926 2478 1012 2561 est,
1052 2488 1181 2576 quam
1228 2460 1409 2574 Typble.
1478 2465 1528 2542 Irr
1556 2454 1712 2542 Sibiria
1739 2456 1940 2546 ulteriore

250 2612 388 2699 multo
416 2616 550 2724 major
575 2637 796 2732 europaea.
893 2686 896 2691 .

360 2926 406 3010 N
412 2943 512 3010 ota.
569 2922 775 3012 Sibiricae
803 2942 848 3006 et
874 2919 1074 3009 Rossicae
1103 2947 1234 3039 aeque
1262 2920 1427 3012 variant
1454 2926 1595 3016 colore
1617 2930 1737 3053 furno
1759 2955 1833 3013 seu
1852 2959 1940 3015 mu·

250 3078 347 3166 rino
377 3100 422 3164 et
451 3076 670 3178 aterrimo;
699 3098 812 3162 atrae
840 3077 1091 3192 quandoque
1119 3076 1237 3192 gula,
1265 3101 1457 3191 pectore,
1494 3082 1644 3182 crisso,
1680 3080 1816 3198 carpis
1844 3111 1942 3168 cum

249 3261 359 3318 cano
386 3228 525 3317 nitore
553 3231 845 3316 fuscescentes.
914 3233 964 3311 In
993 3224 1113 3326 atris,
1153 3229 1400 3344 praesertim
1435 3232 1650 3336 masculis,
1691 3235 1940 3348 plerumque

250 3382 386 3498 striga
413 3412 489 3499 per
516 3383 727 3466 abdomen
754 3378 1074 3495 longitudinalia
1101 3379 1351 3495 ferruginea.
1422 3382 1658 3469 Observavi
1698 3382 1830 3468 etiam
1869 3413 1940 3468 va·

247 3544 441 3621 rietatem
466 3537 592 3653 plane
619 3536 781 3633 olbam,
808 3531 923 3619 circa
948 3533 1165 3619 ferrariam
1192 3516 1406 3620 officinam
1432 3534 1768 3637 Kuschvensem,
1809 3556 1855 3621 et
1882 3535 1941 3621 al·

249 3689 354 3773 bam
379 3717 476 3773 cum
502 3687 688 3775 intincto
715 3716 865 3803 gryseo
892 3688 1048 3771 colore.
1109 3689 1276 3774 Pondus
1301 3682 1489 3773 sibiricia
1513 3690 1787 3776 orientalibus
1815 3715 1939 3803 saepe

253 3839 442 3958 quinque
469 3864 514 3926 et
541 3842 630 3928 fere
657 3870 733 3927 sex
771 3839 1009 3942 unciarum
1051 3863 1096 3926 at
1135 3837 1404 3928 citerioribus
1442 3862 1490 3930 et
1526 3840 1696 3932 tossicis
1733 3836 1942 3929 biunciali

255 3990 500 4113 plerumque
528 3994 681 4085 minus.
737 3991 829 4081 Illis
856 3993 1079 4110 longitudo
1107 3988 1359 4079 dodantalis.

780 4258 1416 4312 -ι--ὺ--ι--ι--ι-
