4410 5910
967 410 973 425 ’
1008 383 1186 468 '²²'
1861 408 1955 511 2'4r

262 637 407 719 tatae,
438 610 515 699 sub
541 606 740 699 musculis
767 605 981 725 clitoridis
1007 612 1137 714 sitae,
1163 611 1512 730 conglutinataa,'
1528 644 1643 732 'quae
1666 620 1797 708 &retu
1819 619 1958 738 singu·

261 768 331 855 lae
357 762 622 865 excretorio,
649 765 833 869 unciali,
860 764 974 850 inter
999 770 1207 853 urethram
1234 789 1277 853 et
1298 789 1523 852 externum
1544 772 1734 884 vaginae'
1748 772 1959 868 orificium

260 917 399 1005 hiant.
455 918 576 1005 Illius
603 917 812 1004 orificium
829 916 1099 1034 a'posteriori
1126 917 1475 1034 quadripollicari
1503 919 1703 1008 distantia
1727 923 1957 1011 introrsum

259 1092 486 1161 remotum.
542 1077 593 1155 In
621 1070 781 1157 duabus
813 1069 956 1157 vaccis
990 1068 1183 1184 juvencis
1208 1070 1454 1156 manifestus
1483 1076 1628 1158 aderat
1654 1078 1843 1188 Hymen,
1882 1078 1956 1194 qui

259 1225 338 1309 rub
365 1223 501 1310 limbo
528 1222 682 1309 orificii
707 1244 874 1308 meatus
909 1219 1085 1306 urinarii
1112 1221 1356 1336 prodibat,'
1379 1245 1424 1307 et
1450 1222 1497 1307 in
1527 1228 1701 1311 modum
1729 1228 1882 1314 fasciae
1909 1229 1956 1314 in

256 1376 369 1462 latus
395 1375 638 1492 oppositum
664 1375 842 1490 vaginae
868 1372 1160 1472 continuatus,
1201 1376 1419 1460 constabat
1453 1374 1546 1490 ipsa
1574 1381 1816 1465 membrana
1844 1381 1957 1495 vagi·

256 1556 340 1634 nae
380 1527 547 1614 interna
586 1531 813 1644 producta,
859 1524 991 1621 instar
1031 1525 1257 1610 velaminis
1307 1526 1471 1611 orificio
1517 1552 1759 1644 praetensa,
1810 1533 1960 1618 relicta

254 1681 458 1798 utrinque
487 1702 694 1797 apertura.
765 1684 880 1764 Pone
907 1677 991 1764 hoc
1020 1676 1181 1793 hymen
1209 1678 1475 1794 incipiebant
1502 1709 1628 1793 rugae
1657 1682 1887 1796 vaginales.

258 1896 266 1917 ⁶
396 1888 442 1972 N
448 1911 547 1974 oto.
602 1886 786 1987 Videtur
813 1883 988 1971 omnino
1016 1914 1172 1970 nomen
1204 1888 1280 1973 Un‘
1309 1889 1420 2002 apud
1449 1891 1741 1994 Caesarem,
1770 1914 1818 1976 ut
1837 1915 1953 1978 recte

254 2018 346 2131 cel.
375 2043 695 2127 Beltmunnus
723 2045 785 2154 (⁴⁴)
814 2040 1032 2137 observat,
1070 2037 1364 2152 agermanico
1397 2044 1459 2128 Ur
1486 2041 1556 2125 vel
1594 2042 1707 2127 Auer
1733 2044 1953 2160 processis·

259 2190 326 2298 se,
365 2196 727 2309 quemadmodum
764 2189 890 2277 facile
921 2189 1041 2306 origo
1070 2187 1255 2276 nominis
1283 2194 1467 2280 Bisontis
1496 2227 1521 2280 a
1548 2195 1789 2311 germanico
1816 2200 1953 2297 Barea,

259 2320 403 2434 fiisom
431 2346 661 2433 derivanda
689 2348 818 2450 foret,
859 2340 1215 2460 quandoquidem
1230 2343 1329 2430 Uris
1359 2344 1494 2463 aliqui
1535 2350 1663 2459 (forte
1691 2348 1820 2434 uestri
1847 2372 1952 2434 tem·

253 2478 381 2621 pore)
410 2496 674 2586 moechatum
703 2500 877 2586 odorem
904 2495 1156 2583 tribuerunt,
1225 2502 1280 2582 Et
1322 2495 1494 2583 videtur
1529 2496 1638 2585 haec
1668 2524 1842 2619 accepta
1868 2503 1954 2587 duo

250 2642 434 2741 uomina
469 2656 664 2741 Caesar
708 2650 755 2737 in
795 2642 1008 2735 distincta
1033 2647 1234 2735 animalia
1275 2650 1478 2752 vertisse,
1520 2654 1878 2769 quemadmodum
1905 2650 1953 2738 in
2047 2678 2052 2687 ·

248 2802 544 2923 descriptione
572 2804 710 2911 Alcis,
754 2798 935 2929 Damam
969 2832 1066 2887 cum
1094 2805 1244 2887 eadem
1285 2804 1527 2890 confudisse
1564 2827 1751 2923 apparet.
1821 2802 1954 2920 Quin·

250 2956 391 3045 etiam
418 2944 585 3059 fabula,
624 2989 749 3075 quam
791 2958 845 3043 de
872 2932 1014 3042 ¹morlo
1044 2939 1350 3042 Germanorum
1377 2956 1576 3074 capiendi
1615 2956 1741 3043 Alces
1777 2956 1952 3044 succisis

251 3114 454 3200 arborum
481 3108 662 3214 truncis,
691 3107 843 3227 quibus
872 3108 1034 3194 accline
1065 3106 1223 3194 animal
1251 3107 1469 3213 concidat,
1507 3140 1720 3227 resurgere
1748 3108 1952 3208 nescium,

248 3263 359 3355 inde
399 3266 569 3352 videtur
609 3262 819 3380 originem
858 3260 1062 3367 traxisse,
1114 3262 1229 3378 quod
1280 3257 1433 3377 aliquis
1473 3264 1729 3368 narraverit,
1779 3262 1951 3377 linguae

249 3419 420 3539 ignaro·
440 3417 561 3524 duci,
603 3420 778 3505 modurn
813 3414 948 3504 foveis
976 3412 1160 3530 virgulto
1189 3412 1316 3499 tectis
1344 3411 1544 3530 capiendi
1570 3416 1720 3520 Alces,
1763 3416 1819 3499 ad
1837 3442 1949 3531 ·quas

251 3568 430 3657 succisis
459 3570 675 3658 arboribus
704 3572 839 3656 factae
866 3599 944 3687 per
972 3567 1112 3683 sylvas
1140 3594 1260 3683 sepes
1289 3565 1469 3672 ducunt,
1510 3588 1559 3652 ut
1593 3565 1829 3655 hodienum
1865 3572 1952 3654 Vo-

250 3720 367 3838 'gulis
395 3754 485 3809 mos
514 3749 600 3826 est,
636 3729 689 3812 de
719 3753 804 3841 quo
832 3721 880 3808 iu
907 3726 1109 3807 Itirrerorir'
1139 3717 1227 3804 mei
1254 3716 1420 3803 sibirici
1449 3722 1492 3804 V
1487 3722 1630 3809 ulls.
1837 3718 1841 3727 '

745 3959 872 4044 130.
961 3947 1130 4054 BOS
1199 3946 1467 4039 Babulus.

393 4145 444 4226 Β.
473 4137 670 4225 cornibus
698 4131 1271 4253 compresso-subsannatis,
1308 4131 1754 4241 reclinato-recurvis,
1778 4130 1949 4236 lunatis,

249 4289 357 4415 pilis
384 4291 666 4380 fasciculatim
692 4288 857 4408 sparsis.
1473 4294 1479 4303 '
1581 4296 1585 4305 '

318 4658 375 4749 (·)
400 4592 577 4727 Blmaaar'
601 4654 812 4723 dissertatio
848 4652 894 4721 de
926 4650 1141 4721 animalibus
1172 4632 1389 4725 Germaniae
1420 4655 1594 4742 antiquae
1630 4650 1670 4719 ln
1693 4634 1851 4751 Qtlrprtt
1878 4640 1949 4721 ab

345 4776 625 4873 ·ptntlaugeu
652 4787 719 4849 ano
733 4762 972 4863 mauriano
981 4788 1047 4847 aas
1073 4784 1159 4852 unt
1167 4796 1233 4851 nnn
1260 4772 1428 4871 &aalma
1455 4774 1719 4937 renouarentur
1745 4763 1885 4845 anal(
1906 4763 1951 4863 8

411 4892 603 4994 &along
645 4900 753 4987 ¹1⁶5
780 4910 859 4978 aas
890 4912 969 4991 pag
996 4915 1057 4984 5¹
