4410 5910
892 399 1043 466 Μ
1740 406 1803 498 93

102 607 184 690 bus
212 600 530 689 furvo-fuscae.
596 578 1036 695 metientis-etiem
1062 603 1375 708 subtulescrmt,
1414 569 1807 700 munumentum

103 757 297 844 colorem
322 754 515 843 vix-ulla
541 755 752 845 flevedine
779 776 1031 849 temeratum
1057 757 1312 873 praeferunt.
1367 761 1544 849 Habitat
1564 772 1707 853 autem
1722 769 1806 852 Er·

104 909 301 996 mineum
325 907 373 994 in
401 906 532 1024 sylvia
558 904 719 1024 pariter
744 931 791 996 et
817 907 1180 1025 apriciscempis,
1200 940 1289 998 ‚nec
1317 942 1405 999 non
1430 912 1545 1002 circa
1571 944 1718 1030 aquas,
1757 914 1805 1005 in

103 1061 261 1178 quibus
288 1060 421 1148 etiam
446 1063 647 1179 praedam
674 1091 759 1151 noa
787 1060 1006 1155 illibenter
1032 1061 1217 1178 quaerit,
1258 1063 1420 1180 optime
1448 1087 1609 1154 natans.
1673 1069 1804 1155 Nuu-

106 1222 220 1304 latur
246 1214 405 1330 pariter
432 1212 481 1301 in
509 1212 717 1303 cuniculis
739 1216 822 1303 sub
848 1236 960 1301 terra
1002 1213 1200 1327 (murinis
1228 1213 1358 1320 forte,
1400 1217 1520 1307 bello
1546 1218 1721 1336 partis),
1761 1239 1806 1309 et
1951 1339 1954 1343 Ι
2075 1296 2079 1307 ,

107 1366 156 1455 in
182 1363 404 1464 arboribus
429 1366 560 1455 cavis.
597 1365 781 1455 -lnveni
807 1368 940 1455 talem
965 1366 1013 1454 in
1048 1374 1199 1457 trunco
1237 1367 1432 1486 putridae
1473 1371 1634 1461 arboris
1675 1401 1806 1488 parvo

105 1518 221 1607 ostio
247 1521 442 1636 perviae,
472 1519 924 1619 variisloculamentis
954 1543 1042 1607 arte
1070 1525 1253 1636 quadam
1281 1523 1547 1613 elaboratum
1567 1522 1729 1628 nidum,
1756 1523 1807 1615 in

106 1680 226 1788 cujus
266 1703 351 1762 uno
393 1675 536 1765 loculo
576 1673 742 1761 Sorices
783 1696 828 1759 et
861 1679 1005 1760 Mures
1042 1671 1202 1790 integri
1229 1675 1492 1774 coacervati,
1532 1678 1621 1764 duo'
1645 1675 1722 1767 elii
1749 1707 1806 1766 ex

106 1830 287 1914 adverso
312 1826 501 1914 invicem
526 1826 602 1914 siti
628 1827 814 1943 pellibus
841 1824 1145 1917 mariniacum
1179 1826 1331 1915 relicte
1368 1832 1504 1917 cauda
1539 1851 1587 1917 et
1625 1827 1807 1944 pedibus

107 1979 250 2085 strati,
286 2009 465 2094 quorum
490 1979 677 2094 quilibet
703 1978 750 2065 in
777 1977 1061 2067 foetidissimo
1089 1975 1223 2066 hocce
1251 1979 1356 2070 nido
1382 1980 1629 2068 continebat
1660 1979 1808 2092 (initio
1850 2075 1853 2083 ,

108 2133 237 2248 Maji)
262 2139 425 2221 catulos
452 2134 579 2239 duos,
607 2154 706 2219 ante
741 2151 786 2219 r'o
816 2134 888 2223 vel
923 2168 968 2218 rs
998 2133 1106 2219 forte
1137 2131 1227 2219 dies
1256 2156 1397 2237 nator,
1427 2163 1552 2249 supra
1571 2131 1805 2242 cineritios,

110 2289 255 2373 subtus
294 2286 426 2384 albos.
494 2292 636 2373 Mater
660 2307 762 2372 tunc
795 2283 936 2373 adhuc
960 2309 1054 2373 erat
1094 2287 1166 2400 (in
1200 2284 1400 2375 orientali
1428 2285 1613 2398 Sibiria)
1655 2284 1808 2376 habitu

109 2437 319 2554 hyberno.
374 2445 660 2529 Excrementa
682 2438 919 2525 cnrrlorum
958 2469 1046 2530 non
1085 2461 1243 2556 egesta.
1312 2443 1484 2554 Clamor
1522 2469 1672 2528 eorum
1711 2436 1808 2525 felis
1885 2410 1893 2421 ⁸

104 2615 316 2679 neonatae
336 2594 543 2696 aemulus,
571 2594 648 2683 sed
672 2590 829 2679 adultis
855 2623 990 2692 rents,
1019 2591 1140 2684 uasti
1168 2593 1240 2683 vel
1266 2590 1445 2709 passeris
1464 2591 1583 2709 capti
1605 2592 1808 2695 aemulus,

104 2745 247 2864 qualis
275 2768 320 2833 et
345 2741 400 2839 in
420 2717 482 2831 Μ
507 2747 632 2840 Gale·
700 2752 842 2838 Meter
867 2777 895 2833 e
922 2717 1206 2837 vicmiafaidi
1245 2777 1333 2837 non
1373 2747 1499 2835 facile
1541 2744 1726 2852 discedit
1763 2765 1810 2833 et

111 2898 521 3015 appropinquantem
561 2896 784 3023 hominem
823 2901 969 2991 dolose
1007 2900 1183 2989 abducit
1207 2903 1466 3016 tandemque
1494 2898 1625 3016 raptis
1651 2894 1806 2989 catulis

110 3050 185 3135 diu
212 3050 421 3168 sequitur,
459 3050 673 3136 desiderio
700 3020 847 3167 prolis.
915 3050 1199 3139 Notissimum
1222 3052 1517 3168 caeteroquin:
1560 3051 1808 3139 Ermineum

108 3234 134 3288 e
161 3204 308 3321 paucis
332 3235 425 3290 esse
451 3201 726 3335 animalibus,
757 3233 864 3320 quae
891 3201 1048 3320 hyeme
1077 3203 1299 3322 ingruente
1328 3208 1426 3290 albo
1449 3204 1608 3289 vellere
1629 3204 1809 3288 induun-

108 3377 190 3442 tur.
247 3362 466 3444 Autumno
491 3338 929 3471 scili'cetlrybernum
970 3357 1105 3442 tellus
1145 3350 1287 3474 plane
1312 3354 1544 3442 candidum
1583 3378 1629 3439 et
1668 3352 1808 3439 laxius

106 3506 321 3597 excrescit
346 3508 394 3594 in
416 3511 564 3599 locum
591 3508 818 3597 defluentis
831 3533 946 3597 ‘tunc
972 3510 1125 3599 aestivi
1152 3506 1411 3613 tenuissimi,
1438 3514 1560 3618 cujus
1585 3507 1705 3599 mtor
1731 3536 1809 3623 per

105 3683 244 3747 totam
267 3692 464 3778 superam
491 3659 647 3748 faciem
670 3685 738 3748 est
764 3664 1149 3749 busco-rufescens.
1205 3634 1358 3770 Denuo
1385 3691 1485 3746 vere
1509 3659 1809 3783 ingruenteet

105 3837 396 3901 succrescente
423 3815 579 3902 iterum
604 3813 767 3900 aestivo
795 3814 906 3933 pilo,
948 3817 1105 3902 sensim
1141 3815 1290 3902 defluit
1316 3813 1555 3931 hybernus,
1594 3837 1641 3901 et
1667 3812 1807 3931 primo

105 3967 286 4084 quidem
311 3971 545 4055 secundum
564 3958 739 4084 ‘spinam
764 3966 901 4072 dorsi,
933 3971 1044 4055 unde
1071 3988 1173 4055 tunc
1202 3967 1361 4054 animal
1388 3967 1651 4085 variegatam
1677 3968 1806 4052 modo

106 4118 358 4207 continuam
385 4121 580 4222 fasciam,
620 4122 749 4206 modo
784 4121 969 4207 maculas
997 4120 1181 4206 dorsales
1222 4119 1374 4207 aestivi
1392 4121 1569 4207 'coloris
1607 4117 1804 4205 exhibet.

107 4273 285 4371 Accidit
310 4271 395 4365 boc
421 4273 475 4363 in-
492 4271 789 4372 ‹crlidioribum
830 4305 873 4358 r.
912 4303 974 4389 gr.
1014 4274 1071 4363 ad
1112 4304 1228 4363 mare
1266 4273 1493 4391 Caspium,
1534 4280 1620 4388 jam
1660 4298 1804 4354 mense

109 4425 289 4530 Martio,
334 4425 382 4511 in
408 4425 567 4513 Sibin'a
592 4424 670 4512 vix
698 4449 796 4512 ante
834 4425 943 4541 Maji
982 4425 1174 4514 medium
1213 4427 1285 4513 vel
1323 4430 1466 4513 finem.
1533 4419 1805 4512 Probabilem

111 4568 234 4690 hujus
260 4575 548 4695 phaenomeni
572 4578 909 4697 explicationem
935 4578 1042 4665 alibi
1069 4581 1171 4667 dedi
1200 4588 1273 4694 (¹³).
1303 4587 1378 4665 Est
1406 4601 1548 4663 autem
1573 4575 1804 4660 admodum

117 4762 427 4791 *nu-nu...-

186 4865 245 4954 (·)
268 4865 387 4941 uma
409 4869 532 4965 Species
551 4844 804 4972 ,Quadrupedem
827 4895 845 4943 e
865 4859 1010 4946 Guium
1033 4873 1143 4946 ortum
1174 4877 1213 4945 in
1235 4875 1332 4945 tem.
1353 4873 1504 4964 teporis
1529 4867 1726 4943 vmubut.
