4410 5910
253 438 311 529 50
1018 431 1164 494 αι

251 634 297 732 e't
335 646 518 743 caudae,
573 644 789 730 intersutis
840 627 942 730 loris
983 664 1061 759 pro'
1100 631 1357 756 tegminibus
1408 640 1639 730 itinerariis
1693 639 1826 729 vendi
1878 638 1940 721 so·

251 789 354 883 lent.
413 798 680 884 consuuntur
708 796 839 881 etiam
867 829 985 882 aures
1013 794 1238 910 separatim
1266 825 1343 912 pro
1370 826 1446 881 usu
1474 796 1736 911 plebeculae.
1793 798 1831 877 E
1848 816 1942 875 ceu·

250 966 340 1034 tum
360 948 518 1063 viginti
538 948 724 1065 vulpinis
745 948 930 1064 pellibus
957 948 1018 1031 sic
1047 948 1174 1061 vulgo
1203 947 1383 1033 dissecta
1411 946 1668 1033 associantur
1695 951 1941 1061 fragmenta,

251 1094 429 1218 duorum
456 1100 537 1187 tria
563 1099 705 1216 priora
731 1129 885 1216 genera
912 1098 1096 1216 pretium
1124 1082 1304 1215 pellium
1332 1100 1562 1214 complent,
1591 1099 1758 1213 reliqua
1786 1126 1942 1183 merca·

250 1254 336 1339 tori
364 1253 493 1369 gratis
520 1251 709 1339 veniunt.
778 1257 844 1336 De
872 1250 1085 1364 nigrarum
1121 1249 1312 1366 vulpium
1340 1251 1504 1336 enormi
1530 1249 1695 1367 praetio
1723 1249 1943 1336 evolvatur

253 1409 340 1492 cet.
370 1411 420 1489 M
426 1415 476 1494 r‘c'l
483 1413 571 1491 lar.
626 1408 856 1520 (Somlung.
885 1408 1121 1491 Russischcr
1155 1406 1408 1514 Gescbichte)

259 1746 262 1752 ·
390 1710 550 1825 Vulpes
578 1708 832 1825 quibusdam
861 1710 980 1795 annis
1007 1709 1054 1794 in
1083 1731 1271 1794 extrema
1293 1706 1446 1795 Sibiria
1474 1708 1655 1824 migrare
1684 1709 1942 1807 observatur,

252 1862 499 1976 praesertim
526 1860 573 1945 in
602 1860 909 1950 Camtschatca.
975 1864 1156 1976 Quando
1189 1861 1252 1946 ibi
1292 1861 1535 1976 migratoria
1563 1861 1746 1946 murium
1775 1856 1944 1972 agmina

253 2016 495 2117 adventant,
524 2036 643 2098 tanto
672 2044 796 2128 saepe
824 2045 998 2099 numero
1026 2036 1074 2098 ut
1100 2013 1259 2128 ubique
1286 2016 1517 2129 perfossum
1546 2015 1598 2107 ab
1626 2010 1681 2097 iis
1709 2012 1849 2096 solum
1878 2036 1945 2124 ap

251 2157 409 2278 pareat,
440 2187 661 2251 accurrunt
686 2188 788 2251 tunc
817 2166 949 2252 etiam
977 2166 1171 2282 copiosae
1200 2166 1380 2282 Vulpes,
1410 2196 1547 2281 neque
1564 2163 1701 2249 minus
1715 2162 1944 2263 abundant,

253 2326 383 2429 quum
410 2317 583 2401 flumina
611 2316 782 2433 copiosa
809 2318 992 2434 piscium
1020 2321 1340 2404 anadromorum
1369 2318 1537 2433 agmina
1571 2317 1618 2401 in
1646 2316 1792 2400 littore
1821 2310 1945 2396 relin-

253 2487 406 2581 quunt,
437 2468 556 2580 quasi
584 2472 714 2555 odore
742 2499 768 2553 e
795 2470 1029 2585 longinquo
1072 2471 1269 2570 allectae3
1313 2470 1408 2555 aliis
1438 2470 1557 2555 annis
1587 2471 1762 2569 abeunt,
1799 2460 1944 2579 paucis

254 2619 581 2705 remanentibus.
637 2623 929 2707 Adventantes
957 2652 1079 2707 cursu
1106 2621 1345 2707 continenti
1374 2624 1581 2723 feruntur,
1619 2620 1724 2703 licet
1750 2610 1945 2713 solitarii,

254 2769 375 2884 quasi
401 2770 501 2883 jussi
530 2795 687 2876 essent,
728 2776 842 2887 quod
883 2772 1151 2901 venatoribus
1180 2805 1324 2859 earum
1352 2774 1571 2888 regionum
1610 2771 1784 2883 Pripuslr
1813 2762 1944 2850 audit.

256 2927 306 3005 In
336 2921 431 3007 aliis
459 2923 720 3038 regionibus,
757 2942 888 3039 quum
916 2925 1079 3041 copiosi
1108 2942 1312 3042 'apparent
1351 2927 1539 3042 lepores,
1589 2921 1768 3008 subinde
1796 2916 1945 3032 migra·

253 3071 358 3158 to'rii
386 3075 501 3179 lacti,
531 3077 728 3192 copiosae
756 3077 887 3161 etiam
916 3079 1088 3191 Vulpes.
1145 3082 1305 3163 Amant
1330 3078 1447 3163 enim
1462 3076 1574 3162 hanc
1588 3071 1873 3172 venationem,
1902 3087 1946 3150 et

253 3242 385 3340 quum
424 3221 580 3342 praeda
616 3231 945 3345 superabundat,
989 3231 1153 3345 lepores
1190 3231 1240 3315 in
1281 3232 1380 3316 nive
1417 3229 1642 3316 defodiunt
1668 3224 1723 3310 in
1760 3225 1946 3305 futurum

254 3398 557 3484 commeatum,
587 3413 691 3497 quos
720 3390 845 3497 saepe
874 3384 1084 3468 defluente
1097 3382 1197 3468 nive
1212 3383 1398 3498 integros
1411 3378 1635 3468 inveniunt
1647 3396 1887 3460 venatores.
1901 3424 1945 3445 -

253 3534 441 3644 Urgente
470 3534 580 3617 fame
609 3557 754 3620 contra
782 3556 931 3618 vorant
959 3535 1088 3620 etiarn
1116 3538 1297 3650 gryllos,
1336 3536 1523 3637 cicadas,
1563 3531 1826 3630 scarabaeos,
1863 3520 1945 3638 Cy·

254 3682 422 3766 riosbati
450 3684 606 3768 fructus
636 3687 821 3800 aliasque
848 3690 1011 3772 baccas.
1056 3688 1223 3773 Coeunt
1249 3684 1498 3785 Februario3
1538 3681 1701 3796 singula
1729 3700 1833 3762 tunc
1861 3677 1944 3760 loe·

254 3832 371 3917 ruina
397 3834 560 3920 duobus
588 3837 777 3922 tribusve
803 3839 990 3924 tn'aribus
1023 3839 1190 3954 stipata.
1256 3835 1520 3950 Septimania
1547 3850 1702 3921 novem
1729 3850 1854 3914 ut'ero
1880 3852 1945 3942 ge

253 3994 354 4069 rtrn't
373 4007 417 4071 et
439 3986 569 4071 catuli
590 3990 826 4077 Novembri
845 3992 931 4105 jam
957 3980 1157 4077 matribus
1178 4010 1311 4107 pares.
1364 3986 1596 4074 'Caeterum
1616 3982 1837 4098 'vulpinam
1864 4008 1945 4066 car·

255 4162 355 4220 nem
380 4138 532 4254 populi
559 4150 719 4245 omnes,
749 4142 823 4257 qui
846 4147 979 4231 multa
1001 4143 1084 4229 alia
1099 4144 1338 4259 promiscue
1359 4139 1579 4242 animalia,
1608 4137 1655 4222 in
1673 4142 1842 4250 Europa
1862 4138 1945 4217 nob

256 4278 431 4395 usitata,
458 4284 506 4374 in
521 4257 664 4380 clbrim
693 4319 882 4399 vertunt,
912 4297 1127 4383 cominflni
1154 4326 1359 4382 consensu
1387 4291 1635 4395 abhorrent,
1664 4309 1712 4372 ut
1733 4306 1777 4371 e't
1791 4291 1944 4401 Lupus,

254 4443 459 4558 lagopus,
482 4430 712 4550 Pdtorium,
734 4447 998 4553 Ermineum,
1016 4434 1167 4534 'Mures
1182 4450 1300 4534 Ratti
1319 4460 1363 4534 e't
1377 4442 1619 4544 domestici,
1641 4441 1754 4527 inter
1767 4438 1945 4554 quadra·

255 4596 386 4706 peda
424 4612 480 4683 ea
515 4598 662 4683 avibus
690 4602 832 4689 autem
861 4586 1049 4718 aquilae,
1098 4602 1339 4720 accipitres,
1384 4600 1588 4700 falcones,
1630 4592 1770 4696 corvi,
1811 4585 1947 4677 corui·

255 4736 345 4846 ces,
372 4751 573 4835 vultures.
589 4810 633 4826 -
662 4759 801 4840 Voces
819 4754 948 4872 'vulpi
975 4754 1116 4841 variae
1144 4763 1222 4873 pro
1250 4753 1382 4840 animi
1400 4752 1652 4852 aflectibus,
1681 4748 1858 4833 latratus
1875 4762 1944 4859 po·

256 4889 427 4982 culiari's
455 4898 677 5007 assueti,
706 4921 753 4992 et
779 4902 976 5023 gannitus
992 4909 1222 5026 'querulus,
1258 4907 1504 4994 iracundiae
1530 4920 1576 4989 ct
1591 4898 1761 4989 doloris
1787 4895 1944 4983 clm
