4410 5910
1034 284 1181 335 ··-·=-·
1847 262 1943 360 48⁹

256 478 332 564 sed
361 474 582 569 Lusciniae
611 478 823 567 aemulum
852 479 1008 579 melos,
1035 501 1080 566 et
1107 474 1272 596 duplici
1299 507 1426 583 voce,
1456 478 1681 594 interjecto
1697 471 1946 565 Oen'anthes

254 658 381 736 sonu,
418 631 501 719 sibi
528 632 612 748 ipsi
638 633 758 747 quasi
786 635 1024 746 respondet.
1095 632 1202 719 Cum
1232 630 1441 716 Lusciniis
1468 630 1587 716 domi
1613 632 1776 716 inclusa
1802 658 1947 713 earun-

256 784 356 870 dem
382 814 553 871 carmen
579 783 740 868 imitari
767 782 908 870 discit.
977 784 1112 869 Nidus
1152 784 1198 867 in
1238 782 1446 868 fruticetis
1487 782 1810 884 humilioribus,
1849 809 1947 864 con·

255 957 367 1020 stans
405 963 561 1024 corona
601 962 626 1021 e
666 935 855 1050 gramine
898 936 1074 1021 solerter
1122 957 1326 1022 contexta
1374 955 1418 1019 et
1466 933 1634 1047 equinis
1680 932 1781 1050 pilis
1829 928 1945 1014 intus

251 1088 449 1173 obducta.

390 1238 566 1326 Descr.
630 1237 879 1354 Magnitudo
921 1240 1009 1321 lere
1051 1239 1277 1322 Rubetrae.
1346 1239 1541 1322 Rostrum
1580 1234 1813 1350 nigricans,
1854 1230 1948 1318 basi

250 1388 451 1474 maxillae
479 1388 690 1476 inferioris
718 1392 866 1477 livida.
925 1392 1093 1474 Setulae
1122 1387 1374 1500 insigniores
1417 1392 1470 1473 ad
1505 1387 1588 1473 oris
1618 1388 1803 1502 angulos.
1875 1391 1947 1470 lri·

251 1543 324 1626 des
351 1570 501 1654 gryseo
518 1543 753 1658 pallidae,
804 1545 942 1659 Caput
968 1574 1089 1658 supra
1117 1573 1214 1626 cum
1243 1540 1409 1626 cervice
1438 1538 1826 1640 cano-cinereum,
1858 1536 1948 1651 qui·

250 1693 427 1778 busdam
455 1716 619 1777 tantum
648 1693 799 1779 fronte.
858 1694 1152 1809 Palpebrarum
1180 1692 1395 1807 plumulae
1426 1692 1566 1790 albae;
1595 1700 1727 1777 lorum
1756 1713 1801 1775 et
1829 1717 1948 1774 aures

254 1844 505 1930 luscescunt.
563 1848 743 1930 Dorsum
770 1845 985 1929 cinereum
1014 1874 1111 1929 cum
1141 1841 1387 1927 virescentis
1414 1841 1616 1969 tinctura,
1659 1871 1767 1956 quae
1795 1869 1949 1955 uropy·

251 1997 325 2109 gio
354 1999 485 2079 deest.
555 1997 708 2083 Subtus
747 1994 913 2083 avicula
947 1996 1105 2100 lactea,
1147 1993 1348 2080 lateribus
1376 1992 1602 2078 sordidulis
1631 2015 1675 2077 et
1702 2019 1826 2107 saepe
1854 1995 1948 2076 sub·

254 2146 452 2231 vinaceis.
522 2150 714 2260 demiges
740 2150 901 2250 fuscae,
943 2169 1118 2233 externa
1146 2176 1218 2232 ora
1246 2144 1553 2248 cinerascente,
1594 2141 1796 2228 interiore
1838 2142 1948 2227 alba.

252 2299 401 2383 Couda
429 2297 718 2412 subaequalis,
745 2298 897 2414 pennis
927 2334 962 2385 a.
991 2299 1145 2384 mediis
1173 2320 1218 2383 et
1245 2294 1443 2411 utrinque
1470 2295 1630 2382 extima
1658 2292 1829 2379 tantillo
1857 2295 1949 2379 bre·

252 2447 452 2533 rioribus.
510 2452 714 2535 Rectrices
757 2451 918 2549 fuscae,
959 2450 1149 2564 margine
1190 2447 1518 2551 cinerescentes,
1562 2445 1724 2532 extima
1763 2444 1950 2530 exterius

251 2597 620 2712 longitudinaliter
648 2601 762 2702 alba,
793 2598 997 2686 interiore
1025 2623 1144 2718 parte
1171 2599 1364 2687 obsoleto
1385 2601 1522 2699 lusca,
1545 2598 1607 2683 ita
1634 2620 1682 2683 ut
1707 2597 1755 2682 in
1781 2597 1949 2711 quibus·

251 2751 349 2836 dam
378 2749 452 2833 vix
480 2755 626 2835 umbra
653 2755 768 2834 fusca
795 2751 839 2834 in
867 2714 1137 2836 extremitate
1159 2771 1204 2834 et
1222 2781 1363 2835 versus
1383 2748 1709 2864 basinsupersit.
1766 2752 1950 2835 Genuum

252 2899 443 2987 armillae
471 2902 765 2987 luscescentes.
835 2904 964 2987 Pedes
998 2902 1116 2995 fusco
1129 2951 1144 2966 ·
1159 2903 1515 2999 coerulescentes;
1556 2901 1741 2998 tibialia,
1781 2922 1950 3015 praeter

251 3078 413 3135 morem
441 3049 564 3164 hujus
592 3052 757 3165 generis
793 3082 868 3136 sex
903 3075 1120 3167 septemve
1160 3050 1356 3136 incisuris
1397 3050 1592 3152 loricata;
1632 3052 1791 3162 digitus
1818 3049 1948 3165 posti·

251 3232 345 3304 cus,
387 3204 499 3288 callo
539 3205 687 3288 baseos
727 3201 1034 3289 crassiusculus.
1064 3251 1115 3270 -
1152 3208 1201 3285 In
1228 3201 1480 3316 quibusdam
1520 3202 1721 3288 rectrices
1760 3203 1952 3286 extimae·

252 3374 421 3466 praeter
446 3353 691 3441 interiorem
721 3353 953 3468 marginem
979 3376 1097 3439 totae
1139 3353 1285 3452 albae,
1324 3353 1544 3469 proximae
1585 3384 1657 3438 ora
1697 3378 1873 3440 externa
1902 3375 1948 3438 et
2047 3437 2049 3440 ,

253 3502 375 3617 apice
405 3505 562 3589 albent.
590 3507 838 3590 -Pondus
879 3534 1047 3619 semper
1083 3506 1219 3592 tribus
1258 3502 1472 3589 drachmis
1513 3507 1622 3592 solet
1662 3536 1754 3591 esse
1793 3506 1947 3593 minus.

251 3657 487 3766 longitudo
515 3658 569 3742 ad
599 3655 851 3770 uropygium
880 3660 942 3744 δ”.
970 3659 1130 3742 caudae
1160 3661 1220 3741 a‘'.
1250 3663 1321 3742 3⁰¹.
1349 3654 1473 3739 rostri
1513 3660 1568 3741 ad
1596 3656 1735 3743 sinum
1761 3658 1846 3744 oris
1875 3669 1946 3746 6'0.

252 3805 412 3890 alarum
453 3806 723 3924 expansionis
753 3812 814 3921 74
844 3813 916 3898 im.
943 3809 1067 3893 ulnae
1098 3814 1157 3895 ᾤ’.
1187 3810 1255 3897 6”’.
1284 3808 1416 3893 tibiae
1444 3817 1518 3916 9'‘'.
1546 3809 1675 3923 digiti
1716 3810 1848 3896 antici
1873 3815 1946 3922 7'“.

250 3955 406 4073 postici
436 3961 509 4043 6‘'.
1574 3984 1576 3988 ·

389 4109 433 4192 N
439 4129 528 4194 ota
561 4145 595 4196 ι.
663 4109 847 4197 Avicula
893 4111 947 4194 W
951 4113 1205 4231 illugbejo
1232 4111 1359 4197 titulo
1393 4113 1663 4202 Whitctlrroat
1691 4146 1722 4200 s.
1753 4119 1948 4231 Spipoloe

253 4257 464 4375 descripta
492 4285 657 4346 nostrae
697 4286 846 4349 exacte
887 4261 1103 4350 convenit.
1172 4267 1257 4350 Sed
1283 4267 1502 4380 Stoparolo
1529 4271 1703 4355 Aldrov.
1739 4267 1946 4379 thtag·

250 4409 364 4529 bajo
390 4445 431 4527 p.
467 4429 694 4519 154.n.5.
730 4414 845 4501 dicta
888 4438 934 4500 et
972 4418 1082 4530 apud
1126 4421 1445 4503 Brittonium
1485 4442 1530 4505 et
1570 4424 1864 4506 Linnaeum.
1891 4421 1965 4504 ad-

248 4562 442 4676 Sylviam
471 4566 628 4668 citata,
651 4566 814 4653 avicula
840 4570 968 4683 plane
995 4568 1078 4654 alia
1106 4568 1293 4670 videtur,
1324 4599 1410 4655 non
1435 4570 1680 4688 infrequens
1707 4571 1753 4659 in
1773 4574 1944 4658 Germa·

251 4714 347 4823 nia,
384 4718 534 4807 sedin
560 4719 710 4809 Rosia
737 4743 782 4809 et
808 4722 964 4826 Sibiiis
992 4752 1208 4845 nunquam
1235 4719 1337 4808 visa.
1639 4838 1642 4843 Ι

1460 4887 1515 4964 62
