4410 5910
1019 282 1172 347 Η
1846 270 1940 371 487

252 496 494 597 Glocitante
522 521 648 588 cantu
678 491 731 586 ad
760 491 945 586 Turdum
974 496 1185 581 Aedonem
1213 478 1669 604 amatumque-21
1695 473 1940 587 minorent,

249 654 599 782 praecedentibus
626 653 844 769 speciebus
871 646 1006 736 mul’to
1034 643 1335 764 corpulentior.
1434 677 1436 681 ·
1499 636 1543 689 Ὗ

388 806 430 894 Ν
434 829 532 894 ota.
588 806 814 891 Tenuitate
851 800 975 889 rostri
1003 833 1027 886 a
1060 801 1200 885 Turdo
1242 799 1416 883 eddom·
1438 793 1582 882 differt
1623 819 1668 883 et
1708 786 1946 881 Motacillis

252 956 518 1049 assimilatur.
586 963 767 1047 Dorsum
807 960 924 1041 fusco
938 1004 952 1018 -
968 953 1198 1041 cinereum.
1268 952 1414 1034 Pectus
1438 948 1605 1063 punctis
1635 944 1837 1033 obsoletis
1865 944 1948 1028 l'us-

252 1114 315 1202 cis
343 1135 564 1230 guttatam.
622 1113 771 1198 Gauda
800 1090 923 1194 dorso
953 1108 1039 1190 fere
1070 1103 1286 1205 concolor,
1318 1123 1504 1186 attamen
1531 1103 1831 1187 subrufescens.

569 1281 701 1366 123:
784 1270 835 1360 tt
856 1266 963 1358 OT
984 1269 1024 1358 A
1049 1263 1093 1357 C
1111 1267 1129 1353 1
1151 1267 1185 1352 L
1204 1264 1299 1350 tn
1373 1264 1638 1352 Carruca.

391 1428 453 1506 Μ.
479 1451 599 1534 supra
629 1418 765 1511 fusca,
793 1415 935 1496 subtus
964 1408 1127 1504 albida,
1163 1407 1297 1489 cauda
1326 1408 1472 1489 obtusa
1500 1408 1630 1489 fusca.

475 1582 660 1655 Curruca
688 1566 902 1677 subfusca,
933 1563 1087 1646 Friscb.
1118 1589 1184 1642 av.
1213 1557 1298 1640 tub.
1329 1591 1395 1640 as.
1419 1559 1506 1670 frg.
1535 1569 1587 1661 4!

474 1719 671 1807 Luscinia
698 1718 851 1818 altera,
882 1716 1068 1800 Curruca
1095 1741 1193 1798 vera
1219 1738 1392 1808 canora,
1420 1712 1552 1797 Klein.
1584 1740 1648 1794 ar.
1677 1740 1720 1830 p.
1744 1719 1811 1820 73.
1840 1735 1882 1790 u.
1908 1736 1948 1786 a.

528 1872 640 1956 icon.
669 1870 723 1952 ad
752 1881 848 1954 833.

474 2034 659 2108 Curruca
686 2020 871 2136 garrula,
900 2022 1081 2104 Brisson.
1111 2049 1197 2104 om.
1225 2020 1303 2103 ΠΙ.
1332 2046 1373 2133 p.
1403 2031 1496 2122 384.
1526 2049 1589 2135 sp.
1618 2029 1676 2129 7?

477 2172 698 2260 Motacilla
725 2181 928 2271 curruca,
958 2175 1048 2255 Len.
1077 2192 1183 2284 syst.
1212 2173 1308 2253 ΧΠ.
1338 2173 1372 2254 Ι.
1410 2203 1452 2284 p.
1482 2184 1575 2278 329.
1604 2204 1666 2287 sp.
1699 2169 1758 2255 6l

477 2332 684 2410 Fauvette
710 2322 968 2421 babillarde,
996 2320 1227 2407 D'Aubent.
1257 2330 1354 2436 pict.
1384 2323 1469 2407 tub.
1501 2337 1595 2410 suo.
1624 2355 1662 2406 n.
1693 2336 1738 2410 3.

475 2472 756 2590 Pettychaps,
797 2478 983 2557 bathum.
1012 2507 1106 2586 syn.
1136 2476 1208 2556 IV.
1237 2507 1278 2589 p.
1308 2489 1403 2578 4¹3·
1430 2507 1470 2558 rs.
1499 2489 1543 2562 3.

394 2630 522 2733 Avis,
553 2658 679 2743 quam
707 2626 829 2723 solo,
865 2644 929 2709 est
955 2653 980 2707 e
1006 2624 1245 2740 praecipuis
1281 2625 1503 2712 melodicis
1532 2625 1708 2714 Rossiae
1735 2621 1948 2709 australiu-

260 2784 347 2887 ris,
402 2781 449 2866 in
491 2777 670 2864 carectis
708 2774 865 2891 passim
903 2775 1107 2861 solitaria.
1190 2782 1354 2863 Haereo
1391 2801 1532 2863 autem
1557 2779 1604 2864 in
1632 2774 1878 2895 synonymis
1907 2798 1951 2859 et

260 2937 388 3020 aliam
416 2934 546 3017 credo
574 2927 666 3014 dari
695 2927 905 3012 aviculam
933 2928 1122 3025 affinem,
1161 2930 1423 3040 quibusdam
1441 2930 1677 3017 auctoribus
1704 2928 1951 3029 indicatam,

259 3115 369 3203 quae
397 3114 474 3199 pro
501 3076 817 3196 comparatione
844 3107 957 3162 nunc
985 3081 1116 3165 deest.
1140 3133 1191 3148 -
1222 3088 1368 3197 Itaque
1405 3082 1757 3198 descriptionem,
1798 3112 1824 3164 e
1852 3083 1953 3164 dua-
2016 3041 2025 3065 ⁸

260 3241 338 3324 bus
367 3236 421 3317 ad
447 3232 694 3346 Rhymnum
736 3252 781 3314 et
821 3233 1036 3315 Sameram
1074 3231 1305 3317 obseruatis
1344 3218 1664 3334 concinnatam,
1704 3236 1815 3321 addo
1822 3292 1838 3332 ‚
1875 3229 1954 3317 ubi

261 3389 507 3502 frequenter
532 3380 851 3481 cantillantem,
876 3380 1010 3467 instar
1037 3382 1229 3497 Sylriae,
1263 3383 1422 3472 audivi.

398 3540 573 3620 Descr.
630 3535 879 3645 Magnitudo
905 3534 1132 3619 Rubetrae.
1202 3539 1395 3622 Rostrum
1421 3537 1762 3641 crassiusculum,
1803 3536 1955 3622 susces-

262 3718 388 3791 cens,
428 3684 519 3771 basi
548 3681 819 3781 exalbidum,
859 3687 1075 3798 squamula
1103 3662 1225 3803 supra
1254 3718 1376 3772 nares
1410 3688 1671 3803 plumulosa3
1708 3687 1790 3806 pili
1819 3686 1956 3774 exiles

263 3843 318 3925 ad
345 3837 430 3923 oris
458 3837 644 3949 angulos.
714 3832 823 3918 Avis
849 3867 973 3947 supra
999 3858 1092 3920 tota
1118 3822 1563 3944 furvo-cinerescens,
1608 3839 1687 3924 alis
1725 3834 1959 3924 unicolori-³

262 3994 343 4077 bus
372 3987 517 4086 fuscis3
545 3989 688 4072 subtus
715 3986 832 4089 alba,
861 3988 935 4071 sed
963 3987 1097 4088 collo,
1134 3989 1419 4104 lateribusque
1446 3987 1619 4078 cinereo
1645 3986 1957 4079 contaminatis.

264 4142 413 4229 cauda
442 4136 732 4252 subaequalis,
756 4159 848 4223 tota
873 4138 1010 4239 fusca3
1036 4150 1224 4227 rectrices
1250 4140 1520 4248 latiusculae,
1560 4144 1636 4228 sed
1662 4163 1822 4229 acutae.
1879 4140 1954 4226 Ge·

265 4325 348 4378 nun
375 4286 564 4418 maxime
591 4311 734 4390 extus,
765 4285 947 4372 cinerea.
1002 4293 1137 4376 Pedes
1163 4290 1492 4399 cinerescentes,
1519 4281 1740 4380 tibialibus
1764 4289 1960 4405 integris.

402 4445 443 4526 A
444 4444 633 4552 ffinem
659 4437 763 4524 huic
792 4437 1000 4524 aviculam
1038 4440 1195 4528 itidem
1235 4444 1448 4542 adultam,
1487 4447 1543 4531 ed
1570 4443 1817 4561 Rhymnum
1842 4442 1960 4527 oblass

264 4620 376 4695 tam,
403 4591 463 4677 ita
490 4590 716 4707 descripsi:
755 4590 898 4675 Medio
932 4590 1047 4676 inter
1071 4593 1313 4680 Lusciniam
1339 4617 1382 4681 et
1410 4595 1614 4712 Sylviam.
1683 4599 1811 4684 Color
1836 4592 1962 4710 supra¹

266 4770 401 4849 totus,
432 4775 530 4832 cum
557 4745 711 4845 caude,
748 4743 958 4849 cinereus3
991 4745 1136 4836 subtus
1161 4722 1400 4853 albescens,
1442 4744 1645 4836 lateribus
1670 4745 1968 4838 cinerescenti·
