4410 5910
1033 409 1179 477 Ξ
1748 414 1943 492 .4·9

250 617 395 713 albae3
437 634 481 696 et
516 609 608 697 vidi
634 590 742 694 inde·
765 607 950 695 albidam
961 627 973 649 ·’
985 610 1155 724 pellem,
1198 611 1321 692 dorso
1347 605 1714 720 longitudinaliter
1742 631 1787 691 et
1813 613 1946 695 cauda

249 769 502 865 rufescente,
531 764 675 881 subtus
701 761 962 878 pedibusque
990 761 1225 863 candidam,
1264 783 1307 844 at
1339 759 1494 874 plantis
1531 763 1688 874 pedum
1713 761 1942 875 longitudi-

251 917 407 1003 naliter
434 915 579 1030 nigris.
594 973 647 990 -
673 921 728 999 Et
753 936 916 998 tanturn
943 916 997 1000 de
1025 913 1311 1000 Varietatibus
1347 911 1552 1026 vulpium.
1617 919 1778 997 Natura
1813 913 1939 998 astuti

250 1069 447 1155 animalis
474 1069 573 1153 satis
599 1100 655 1153 ex
683 1066 861 1152 aliorum
886 1063 1115 1150 traditione
1143 1088 1243 1150 nota
1271 1085 1348 1149 est.
1397 1065 1686 1178 Supplendum
1714 1087 1795 1148 est:
1824 1068 1939 1178 quod

249 1225 404 1308 dentur
417 1221 596 1334 VulpeS,
626 1251 732 1335 quae
755 1218 868 1303 vitae
895 1245 1025 1330 vagae
1053 1219 1329 1301 adsueverunt
1356 1238 1401 1301 et
1426 1215 1640 1301 cuniculos
1667 1248 1752 1302 non
1777 1239 1937 1331 parant,

251 1372 337 1455 nisi
365 1403 462 1455 cum
489 1373 652 1486 prolem
680 1374 875 1455 educant.
934 1371 1163 1483 Pleraeque
1197 1399 1298 1454 vero
1333 1368 1416 1454 sibi
1453 1391 1569 1453 antra
1596 1369 1824 1471 effodiunt,
1867 1367 1937 1453 vel
2034 1483 2038 1493 Χ

249 1523 297 1606 in
326 1522 449 1607 clivis
477 1523 785 1638 campestrium,
816 1523 886 1608 vel
913 1522 959 1606 in
986 1523 1082 1605 loco
1117 1520 1313 1640 sylvestri
1349 1508 1438 1606 sub¹
1456 1524 1650 1607 arborum
1678 1521 1832 1624 radice,
1862 1518 1938 1604 ubi

249 1677 389 1761 solum
416 1675 567 1759 siccius
596 1706 686 1759 esse
714 1675 846 1758 solet.‘
893 1672 1063 1761 Pariunt
1092 1686 1115 1757 6
1149 1674 1219 1756 vel
1247 1709 1272 1781 7
1300 1675 1473 1758 catulos.
1544 1679 1605 1756 In·
1628 1672 1791 1757 ultimis
1829 1673 1937 1759 Sibi·

248 1811 359 1930 riae,
390 1813 648 1941 ⁴praesertim
690 1823 1005 1928 Camtschatca,
1049 1847 1145 1908 ante
1185 1831 1411 1911 Rossorum
1439 1828 1664 1910 adventum
1693 1847 1738 1909 et
1764 1825 1940 1930 editam,

249 1979 299 2064 in
327 1978 578 2062 animalibus
605 1978 790 2093 pretiosa
815 1978 930 2091 pelle
957 1976 1192 2079 instructis,
1231 2000 1430 2092 stragem,
1461 1980 1566 2063 adeo
1595 2000 1715 2062 erant
1742 1980 1937 2094 copiosae

250 2156 297 2217 et
323 2130 564 2231 familiares,
594 2153 640 2213 ut
662 2130 775 2214 circa
791 2129 955 2244 tuguria
969 2129 1111 2213 omnia
1124 2130 1251 2227 furari
1264 2131 1461 2234 solerent.
1519 2132 1740 2247 Optimum
1753 2130 1942 2217 venandi·

250 2285 349 2368 illas
378 2305 542 2394 tempus
571 2313 595 2363 a
622 2281 860 2393 Novembri
887 2284 941 2365 ad
968 2278 1270 2384 Decembrem,
1292 2312 1445 2395 ¹quum
1468 2282 1604 2385 yellus
1632 2285 1866 2397 perfectum
1894 2305 1939 2367 et

247 2443 359 2550 justa
387 2431 663 2548 proportione
692 2436 867 2518 densum
895 2455 978 2532 est;
1021 2433 1163 2517 adulta
1204 2431 1360 2547 hyeme
1401 2432 1529 2520 nimis
1562 2436 1739 2520 densum
1768 2458 1811 2520 et
1839 2434 1939 2551 spis-

251 2618 344 2672 sum
372 2583 529 2669 evadit.
594 2584 757 2689 Priores
785 2583 1042 2700 pellionibus
1070 2608 1114 2672 et
1141 2585 1408 2677 venatoribus
1446 2584 1629 2679 termino
1658 2588 1757 2673 artis
1784 2591 1940 2700 Pysch·

248 2771 333 2852 ny,
375 2735 626 2853 posteriores
667 2740 843 2850 Plornye
884 2758 1098 2821 vocantur.
1166 2734 1357 2851 iuniores
1386 2736 1579 2853 sequenti
1605 2737 1761 2852 hyeme
1790 2738 1940 2824 aetatis

250 2920 393 2975 versus
422 2888 706 2991 Febmarium‚
737 2912 888 2977 octavo
916 2887 1087 2972 circiter
1114 2917 1277 2991 mense,
1316 2890 1451 2973 vellus
1486 2889 1709 3005 perficiunt
1737 2916 1781 2976 et
1807 2889 1941 2978 incre-

249 3064 454 3127 mentum.
513 3048 563 3125 In
592 3040 860 3127 Rossicarum
886 3039 1069 3152 pellibus
1097 3040 1251 3152 lanugo
1281 3041 1334 3126 ad
1362 3064 1505 3126 cutem
1532 3042 1683 3155 pallet3
1719 3042 1766 3127 in
1794 3041 1941 3128 Sibiri·

250 3193 311 3280 cis
340 3192 556 3294 fuscescit,
599 3192 713 3278 circa
752 3194 929 3306 Anadyr
969 3213 1013 3276 et
1048 3190 1094 3276 in
1123 3189 1419 3278 Camtschatca
1446 3191 1556 3306 pilus
1585 3195 1671 3278 fere
1699 3197 1754 3280 ad
1781 3196 1942 3310 pellem

250 3375 381 3460 usque
408 3345 570 3429 rutilus.
628 3342 902 3430 Sibiricarum
928 3341 1121 3457 vulpium
1148 3320 1282 3457 pelles
1309 3343 1357 3430 in
1383 3344 1569 3429 tenebris
1596 3375 1820 3430 concussae
1832 3345 1940 3431 scin-

250 3498 408 3584 tillant.
478 3495 614 3582 Pelles
656 3494 848 3609 vulpium
877 3529 900 3578 a
927 3494 1185 3609 pellionibus
1221 3497 1360 3580 solent
1387 3494 1585 3580 dissecari
1612 3519 1657 3581 et
1684 3496 1866 3612 dispesci
1893 3495 1940 3580 irt

250 3672 348 3735 octo
377 3669 535 3763 partes,
566 3675 674 3762 quae
701 3644 749 3730 in
776 3646 960 3732 totidem
987 3644 1170 3761 pellicea
1198 3645 1385 3761 tegmina
1399 3671 1674 3754 consuuntur,
1703 3647 1841 3766 pretio
1869 3650 1940 3734 ad·

248 3803 425 3889 modum
453 3798 648 3914 diversay
679 3797 937 3912 etquidem
964 3797 1099 3913 prima
1127 3819 1172 3882 et
1200 3798 1385 3884 maxime
1408 3799 1633 3894 ‚aestimata
1660 3800 1828 3904 cervix,
1871 3830 1939 3885 cu·

249 3958 311 4064 jus
352 3972 525 4037 consuta
563 3949 753 4069 tegmina
793 3952 1129 4062 (Saooitschatyi
1162 3956 1317 4069 mjeclr)
1363 3951 1501 4066 primo
1529 3977 1739 4040 vaeneunt
1779 3952 1939 4070 pretior

253 4103 351 4188 dein
379 4107 500 4188 dorsa
537 4101 699 4205 media,
743 4104 997 4218 Chreptooyi
1036 4109 1185 4220 mjech,
1223 4103 1398 4192 secundi
1433 4106 1581 4219 pretii3
1622 4136 1748 4222 porro
1789 4105 1936 4207 lumbi,

258 4251 358 4338 citra
384 4257 583 4357 caudam,
613 4284 761 4370 parum
790 4253 1021 4355 aestimati3
1051 4277 1141 4338 tum
1170 4277 1357 4359 ventres,
1394 4259 1641 4370 Tsclrerevyi
1677 4264 1824 4377 mjeclr,
1864 4258 1937 4371 qui

266 4403 424 4490 tertium
451 4408 590 4490 lerunt
616 4405 820 4521 pretium3
850 4405 992 4518 gulae,
1023 4406 1207 4493 Duscblri
1235 4409 1492 4523 appellatae,
1531 4443 1624 4524 pars
1652 4410 1866 4494 levissima
1894 4431 1938 4495 et

274 4553 400 4641 rariori
426 4559 584 4643 vellere
612 4557 833 4657 instructa3
875 4557 1057 4672 ideoque
1087 4562 1197 4673 apud
1224 4565 1382 4646 Turcas
1410 4581 1455 4643 et
1482 4562 1661 4647 Polonos
1691 4559 1937 4651 aestimatis·

282 4695 383 4803 ⁸imar
415 4740 536 4823 porro
564 4732 820 4796 consuuntur
859 4709 1033 4795 seorsim
1075 4714 1204 4826 pedes
1247 4711 1494 4815 anteriores,
1539 4736 1590 4803 et,
1623 4712 1727 4794 item
1767 4712 1936 4826 postici,

286 4855 379 4958 blod
400 4861 657 4975 Laparclvatot
683 4869 816 4984 mjeclv
840 4863 992 4991 efficit,
1021 4863 1204 4985 denique
1225 4864 1448 4995 ,vilissima
1475 4873 1616 4980 capita
1642 4866 1939 4969 consarcinati,

1415 5051 1440 5128 7
