4410 5910
291 367 389 510 ¹544
1059 395 1213 474 ’Ξ

298 623 548 739 plerumque
580 616 685 705 edit.
756 621 828 704 Ad
854 612 1064 702 lenisesm
1101 610 1344 700 nominibus
1380 607 1644 723 distinguunt
1670 639 1844 716 sexum,
1895 613 1997 743 quia

300 778 397 859 Mur
434 772 593 856 fistulat
620 769 829 854 humanae
856 769 988 855 instar
1015 767 1206 870 fistulae,
1248 763 1406 849 femina
1434 763 1790 849 tantumstridet.
1864 768 2003 852 Fabu-

297 925 436 1008 lantur
475 920 622 1006 Tatari
661 928 999 1034 Crasnojarenses
1043 917 1203 1003 animas
1245 944 1489 1032 sponsorum
1533 945 1861 1031 sponsarumque
1900 940 1997 1001 ante

297 1073 466 1188 nuptias
510 1103 685 1188 corpore
728 1074 1049 1169 defunctarum,
1089 1070 1137 1154 in
1178 1068 1289 1154 hanc
1330 1097 1452 1152 avem
1496 1068 1703 1180 migrare,
1744 1067 1997 1182 lugubrique

298 1218 483 1308 listulatu
510 1246 717 1309 nocturno
747 1223 966 1337 deplorare
994 1219 1131 1305 tristia
1159 1224 1257 1305 fata.
1314 1217 1631 1308 Camtsc'hadali
1659 1220 1839 1304 credunt
1870 1245 1998 1304 noctu

296 1374 495 1491 persequi
524 1373 721 1459 homines
750 1395 794 1457 et
829 1375 1047 1457 dementes
1082 1378 1272 1460 reddere.
1338 1378 1389 1455 In
1415 1373 1516 1458 vivo
1545 1375 1720 1487 gradum
1748 1371 1904 1457 caloris
1931 1371 1995 1456 iu·

298 1524 461 1639 signem
487 1554 628 1638 usque·
648 1527 702 1608 ad
738 1549 841 1613 1100.
895 1524 1075 1609 Farenh.
1103 1523 1337 1611 observavi.

302 1718 307 1726 ·
375 1668 450 1759 'N
462 1708 486 1763 o
504 1698 560 1760 ta
595 1713 626 1760 1.
685 1678 755 1762 Or,
772 1674 886 1760 intus
915 1678 1078 1760 luteum
1092 1713 1107 1773 ‚-
1148 1680 1311 1790 Lingua
1336 1708 1460 1793 supra
1488 1674 1673 1762 mediam
1701 1678 1993 1766 membranam

297 1826 571 1911 mandibulae
601 1832 841 1913 subtensam
870 1827 1057 1925 minuta,
1101 1851 1297 1941 angusta,
1341 1829 1530 1941 margine
1558 1827 1702 1912 setulis
1740 1827 1909 1941 aliquot
1935 1861 1993 1914 re·

295 1999 475 2062 trorsum
504 1975 689 2065 hamata.
761 1982 881 2066 Setae
909 2011 1030 2094 supra
1065 1983 1254 2063 fraenum
1293 1979 1378 2064 oris
1415 1977 1612 2092 utrinque
1639 2009 1715 2062 sex
1743 1987 1926 2090 majores
1954 2005 1996 2067 et

297 2126 461 2241 aliquot
491 2129 706 2249 minutae,
734 2162 832 2245 -quo
861 2129 1108 2245 praesertim
1138 2130 1283 2214 differt
1310 2133 1362 2215 ab
1391 2130 1640 2248 Hirundine.
1708 2133 1847 2234 Nares
1873 2136 1993 2216 tubu-

297 2278 436 2378 losae‚
476 2282 669 2394 patulae,
714 2303 946 2366 antrorsum
975 2279 1241 2394 divergentes
1320 2287 1447 2367 Color
1474 2284 1559 2366 fere
1601 2281 1777 2397 lyngis‚
1821 2285 1993 2397 Troglo-

298 2431 424 2543 dytae
454 2453 498 2515 et
526 2454 715 2547 sttygum
744 2434 885 2517 subtus
911 2430 1213 2529 ochroleucus,
1246 2432 1372 2516 lineis
1392 2432 1696 2546 nigricantibus
1720 2433 1992 2519 transversim

299 2582 540 2666 undulatus.
601 2585 747 2667 Tibiae
776 2588 829 2669 ad
857 2582 1047 2671 medium
1074 2585 1318 2698 plumosae‚·
1346 2586 1471 2697 digiti
1500 2582 1631 2668 antici
1654 2583 1782 2698 plicis
1811 2586 1991 2700 aequali·

299 2729 377 2812 bus
407 2729 613 2834 connexi,
672 2734 837 2819 medius
865 2766 999 2846 urrgue
1026 2733 1231 2818 interiore
1260 2733 1447 2848 margine
1473 2756 1651 2830 serrato,·
1697 2747 1884 2850 porticus
1911 2768 1990 2823 nou

300 2878 523 2967 versatilis.
559 2934 608 2950 -
639 2889 689 2967 In
716 2889 833 2996 More
872 2885 1053 3000 remiges
1079 2909 1164 2969 tres
1202 2886 1434 2970 exteriores
1478 2888 1574 2972 alba
1612 2863 1780 2971 macula
1807 2912 1987 2974 notatae.

298 3031 708 3119 Pondus-unciarum
737 3073 775 3122 2.
802 3037 1068 3151 totidemque
1095 3036 1167 3119 vel
1195 3036 1325 3121 trium
1353 3035 1659 3123 drachmarum.
1730 3041 1881 3151 Cystis
1919 3037 1989 3123 lel-

304 3181 373 3265 lea
400 3182 446 3267 in
463 3181 631 3300 *hepate
660 3189 847 3301 parvula.
904 3194 1041 3276 Coeca
1065 3187 1164 3274 satis
1190 3189 1287 3275 laxa
1300 3249 1314 3287 ,
1342 3187 1529 3303 gracilia,
1553 3188 1823 3306 longitudine
1851 3192 1901 3277 ι’.
1930 3197 1990 3275 a'.

294 3335 539 3419 intestinum
567 3339 830 3452 ssgpollicum.

422 3534 477 3552 -
507 3519 545 3567 a.
576 3486 873 3605 Caprimulgus
912 3513 1081 3593 noster,
1118 3515 1166 3577 ut
1193 3520 1270 3608 per
1304 3521 1475 3579 omnem
1511 3492 1739 3592 Sibiriam‚
1784 3495 1921 3583 sicet
1946 3493 1988 3579 in

291 3633 501 3719 'America
525 3637 658 3721 datur.
714 3645 920 3726 Attamen
948 3648 1239 3756 caprimulgus
1259 3654 1391 3729 minor
1416 3647 1685 3731 Americanus
1710 3649 1847 3732 Edu
1862 3648 1991 3732 orda

299 3791 382 3869 vol.
417 3822 450 3870 ι.
480 3808 587 3898 port.
620 3823 659 3873 ρ.
688 3792 774 3913 tab.
805 3806 873 3879 63.
916 3796 1148 3880 Catesb.
1177 3801 1303 3882 carol.
1331 3799 1409 3883 ΠΙ.
1435 3796 1521 3881 tab.
1558 3807 1629 3882 16!
1671 3818 1716 3882 et
1757 3801 1871 3886 sorte
1910 3795 1988 3885 tab.

300 3944 358 4037 8,
388 3969 413 4020 a
440 3957 625 4025 nostrate
652 3941 796 4058 specie
825 3951 923 4031 vere
952 3944 1154 4034 diversus.

1014 4188 1277 4212 m
