4410 5910
1061 426 1208 496 Ξ
1424 442 1429 451 ’
1885 428 1973 534 267

283 653 361 736 bus
388 645 492 762 ipsis
519 666 650 728 vorat.
706 640 828 729 Ultra
856 646 1014 729 Lenem
1042 674 1126 728 non
1172 645 1306 729 datur.
1377 646 1585 730 Incedunt
1626 647 1872 762 gregatim,¹
1894 651 1972 734 for-

279 800 460 887 tioribus
489 827 638 911 agmen
666 796 979 897 claudentibus;
1021 827 1118 883 cum
1154 827 1249 882 urso
1288 819 1331 882 et
1367 797 1467 914 lupo
1496 796 1647 884 acriter
1674 823 1882 915 pugnant,
1925 823 1969 888 et

280 955 536 1070 quandoque
568 979 679 1065 aper·
695 949 822 1034 simul
863 980 960 1034 cum
988 978 1082 1035 urso
1111 966 1253 1034 c'a'esus
1281 948 1509 1035 invenitur.
1583 953 1766 1037 Porcelli
1794 954 1971 1038 cicurati

281 1123 523 1190 assuescunt
551 1101 698 1205 facile,
728 1125 772 1185 et
800 1133 896 1186 cum
923 1101 1167 1186 domesticis
1195 1128 1409 1217 generant.
1469 1103 1850 1219 Adpropinquante
1878 1127 1981 1220 par·¹

277 1278 330 1342 tu
363 1255 522 1340 scrofae
563 1256 617 1338 ab
654 1253 764 1368 apris
792 1277 1060 1369 segregantur
1086 1277 1131 1339 et
1158 1255 1280 1341 nidos
1315 1278 1483 1370 parant,
1526 1256 1572 1339 in
1614 1257 1792 1370 sylvosis
1834 1288 1969 1342 ramos

278 1430 327 1496 et
354 1405 506 1491 herbas
534 1411 827 1492 coacervantes
855 1429 900 1489 et
927 1436 998 1492 ore
1028 1430 1326 1521 congerentes,
1356 1405 1403 1493 in
1434 1407 1694 1493 arundinetis
1723 1438 1747 1491 e
1772 1432 1969 1523 congesta

279 1584 327 1646 et
358 1557 628 1667 comminuta
668 1556 899 1658 arundine,
941 1561 1099 1645 elatum
1140 1582 1184 1643 et
1228 1558 1388 1645 siccum
1429 1561 1570 1645 locum
1611 1559 1840 1674 eligentes3
1892 1592 1970 1647 nec

278 1707 702 1829 priusrquarn'satis
731 1710 884 1797 adultis
911 1720 998 1825 jam
1026 1711 1222 1828 porcellis
1259 1715 1313 1796 ad
1340 1742 1474 1796 mares
1499 1715 1699 1804 redeunt,
1744 1742 1797 1795 ne
1826 1735 1970 1797 tenera

247 1856 258 1892 ⁵
277 1862 422 1981 proles
452 1861 510 1945 ab'
531 1859 600 1944 his
628 1864 866 1948 devoretur.
922 1865 1119 1950 Calculus
1146 1863 1371 1950 vesicarios
1403 1887 1622 1948 venatores
1649 1864 1896 1979 praesertim
1924 1865 1971 1950 in

251 2010 460 2128 ‘suspicis
479 2014 603 2128 'apris'
628 2014 759 2100 rarius
784 2014 1028 2118 inveniunt,
1060 2039 1102 2100 et
1124 2047 1201 2130 pro
1231 2045 1383 2130 magno
1405 2016 1715 2101 medicamento
1738 2018 1967 2122 celebrant,

283 2167 396 2287 quod
426 2194 563 2249 rasum
591 2166 649 2251 in·
664 2189 788 2282 potu,
817 2167 1067 2284 praesertim
1096 2193 1241 2254 contra
1281 2171 1449 2255 morbos
1478 2168 1640 2253 viarum
1667 2168 1833 2268 urinae,
1876 2201 1969 2284 pro·

281 2317 444 2441 piuant.
514 2315 630 2402 Mihi
665 2324 717 2404 ab
746 2319 940 2405 humanis
969 2321 1195 2403 lamellatis
1223 2319 1337 2405 haud
1362 2321 1548 2403 ‘differre
1577 2320 1659 2404 visi
1688 2344 1793 2405 suut.
1851 2321 1968 2408 Dici-

281 2490 351 2555 tur
379 2467 511 2554 etium
539 2472 722 2556 calculus
751 2460 942 2559 biliarius
972 2470 1186 2557 interdum
1215 2475 1378 2575 adesse,
1423 2472 1498 2587 qui
1526 2471 1665 2557 adhuc
1694 2472 1971 2588 praetiosioru

282 2616 478 2707 habetur.
536 2628 585 2705 In
612 2622 793 2740 Georgia
822 2624 953 2713 etiam
979 2625 1025 2710 in
1054 2625 1276 2742 praeputio
1305 2627 1555 2740 quandoque
1592 2624 1768 2739 reperiri
1802 2625 1972 2740 conglo-

282 2797 489 2861 meratum
516 2776 750 2875 calculum,
786 2801 991 2863 memorat
1018 2780 1405 2864 Gr‘tldenstoedt.

416 2929 460 3011 N
467 2949 565 3013 oto.
624 2929 762 3014 Multo
791 2936 967 3042 majores
993 2928 1086 3044 apri
1113 2929 1258 3044 quiin
1290 2924 1550 3011 arundinetis
1573 2951 1819 3043 pascuntur,
1846 2959 1974 3044 quam

280 3075 499 3193 sylvatici,
547 3101 590 3163 et
617 3070 758 3164 colore
786 3103 882 3164 sunt
911 3080 1134 3179 dilutiore,
1175 3080 1307 3164 immo
1337 3082 1577 3193 subgryseo.
1647 3079 1974 3194 EPhanagoria

279 3259 425 3345 aprum
463 3227 595 3315 habui
635 3236 752 3342 cujus
780 3253 906 3348 caput
932 3231 1200 3344 longitudine
1245 3267 1290 3315 21
1320 3231 1502 3345 pollices
1540 3234 1765 3343 aequabat,
1807 3234 1972 3345 pondus

283 3377 395 3492 (sine
422 3380 649 3467 interaneis
677 3396 754 3468 320
779 3376 995 3468 librarum.
1053 3386 1104 3465 ln
1127 3381 1385 3466 arundinetis
1403 3380 1599 3463 Tatariae
1623 3380 1821 3465 dicuntur
1842 3382 1973 3466 etiam

281 3532 415 3648 duplo
442 3532 763 3649 ponderosiores
792 3565 1023 3620 occurrere.
1094 3530 1331 3619 Caucasicis
1373 3553 1528 3615 statura
1569 3533 1702 3615 multo
1748 3533 1885 3617 minor
1927 3556 1972 3618 et

281 3682 327 3769 in
357 3682 543 3769 Dauuria
571 3684 644 3769 vix
674 3716 792 3771 suem
820 3686 1099 3772 domesticum·
1136 3707 1343 3807 superant.
1411 3684 1592 3769 Porcelli
1622 3715 1815 3801 aprorum
1844 3689 1970 3770 serru-

280 3834 419 3951 ginei‚
449 3827 546 3923 albo
574 3838 777 3952 punctari.
808 3887 854 3903 -—
896 3846 942 3925 In
974 3871 1074 3957 apro
1102 3842 1241 3957 dentes
1269 3836 1464 3954 primores
1491 3868 1612 3952 supra
1642 3853 1680 3924 6.
1711 3845 1815 3948 (non
1837 3837 1973 3922 utha·

282 3988 358 4074 bet
385 3991 590 4074 Liunoeus
617 3996 678 4100 4.)
708 3958 884 4105 pronato
898 4042 912 4057 ·
927 4014 1252 4113 convergentes,
1289 3988 1511 4089 distantem
1552 3993 1660 4100 infra
1686 4009 1727 4095 4.
1754 3990 1800 4074 in
1830 3989 1973 4075 medio

279 4139 480 4256 parelleli
507 4163 551 4225 et
579 4138 775 4261 utrinque
811 4136 1003 4243 obtusus,
1044 4137 1384 4241 remotiusculus,
1425 4141 1666 4226 inclinatus.
1736 4140 1974 4227 Domestici

274 4292 328 4379 in
357 4292 508 4379 Russia
538 4294 665 4409 vulgo
690 4276 843 4408 pallidi
872 4294 942 4415 vel
969 4288 1098 4382 fusci.'
1138 4300 1183 4382 'E
1211 4280 1392 4381 Narelia
1418 4293 1463 4378 in
1494 4291 1801 4379 Chersonesum
1826 4291 1973 4377 Tauri-

281 4476 375 4531 cam
406 4444 646 4531 introducta
672 4445 860 4531 varietas·
878 4450 978 4532 tora*
995 4443 1158 4534 intense
1187 4448 1291 4532 rufa.
1359 4453 1411 4530 In
1453 4443 1608 4530 Sibiria
1649 4476 1740 4529 sues
1778 4442 1974 4529 domesti-

289 4628 363 4683 cae
392 4622 541 4683 trunco
571 4598 693 4683 valde
723 4629 981 4715 compresso,
1010 4600 1260 4700 macilento,
1294 4598 1471 4715 pedibus
1500 4597 1685 4714 proceris
1714 4603 1974 4711 generantur.

286 4753 482 4835 Monstra
523 4750 698 4864 porcina
738 4752 958 4868 cyclopicu
999 4752 1251 4867 proboscide
1293 4751 1490 4856 frontali,
1540 4750 1726 4836 maxillis
1769 4747 1977 4843 refractis,

286 4929 367 4988 non
397 4901 688 5018 infrequentes
717 4904 828 5018 apud
856 4934 932 4989 nos
957 4926 1219 5019 generantur.

1520 5065 1541 5107 0
