4410 5910
1035 317 1187 374 ΕΞ
1859 324 1952 409 549

258 521 506 622 cantillam,
542 517 798 637 xjuniperinis
826 517 968 606 baccis
997 541 1042 605 et
1068 516 1243 605 nucleis
1275 521 1481 609 Cembrae
1524 519 1735 607 victitans.
1806 523 1951 613 Homi-

260 707 360 763 nem
386 699 487 760 tunc
516 672 693 758 minime
723 674 873 771 timet,
915 695 960 757 et
988 671 1127 757 occisa
1154 705 1261 777 una,
1308 675 1439 760 altera
1466 672 1511 758 in
1539 678 1721 759 eandem
1758 679 1951 760 arborem

256 827 462 915 considet.
520 835 569 910 In
597 825 963 941 temperatioribus
992 826 1191 911 adventat
1218 830 1295 912 sub
1323 825 1548 942 hyemem,
1576 826 1704 940 paulo
1727 849 1823 910 ante
1853 834 1950 910 Em·

256 980 441 1066 berizam
471 980 686 1082 nivalem,
734 1007 858 1094 saepe
886 977 1124 1063 Novembri
1161 982 1358 1077 demum;
1417 983 1594 1065 Sorbum
1629 1002 1731 1063 tunc
1761 978 1949 1063 maxime

254 1131 387 1245 legit,
431 1128 717 1246 hyememque
746 1131 791 1214 in
821 1131 964 1215 media
1002 1130 1151 1215 Rossia
1191 1154 1236 1216 et
1264 1129 1420 1216 Sibiria
1459 1128 1686 1245 transigit,
1727 1129 1952 1245 populneis

254 1286 426 1368 demum
456 1282 633 1398 gemmis
663 1283 890 1384 victitans,
920 1284 1056 1367 donec
1083 1281 1252 1398 Aprili,
1281 1306 1325 1368 et
1352 1284 1398 1368 in
1426 1282 1759 1368 occidentalibus
1789 1280 1949 1365 Martio

255 1437 307 1519 ad
335 1435 529 1520 boreales
557 1437 665 1518 lares
693 1435 849 1518 sensim
876 1433 1089 1548 remigret.
1160 1441 1377 1520 Attamen
1395 1435 1551 1548 frigora
1581 1465 1743 1519 summa
1772 1431 1952 1518 Sibiriae

252 1618 337 1673 non
365 1586 491 1671 facile
520 1587 704 1701 perfert,
758 1585 1006 1702 saepiusque
1034 1608 1198 1672 mortua
1225 1585 1383 1701 hyeme
1412 1587 1644 1702 reperitur,
1699 1589 1811 1670 unde
1841 1586 1950 1669 sorte

251 1740 299 1825 in
329 1737 484 1824 Sibiria
511 1771 658 1855 parurn
688 1742 898 1854 frequens.
944 1737 1066 1824 Ultra
1094 1746 1253 1824 Lenem
1283 1738 1466 1855 denique
1494 1725 1619 1854 pl'ane
1642 1740 1775 1822 deest.
1791 1790 1845 1802 —
1860 1739 1947 1824 Cir-

252 1922 301 1977 ca
328 1894 456 1977 Ufam
491 1925 535 1973 12
566 1891 765 1977 Octobris
792 1891 893 1975 anni
931 1906 1048 2002 1769.
1062 1893 1347 1975 adventabant
1372 1890 1557 2003 juniores
1586 1890 1725 1992 solae,
1757 1888 1950 2004 apicibus

252 2043 476 2128 rectricum
506 2042 666 2157 pallide
693 2042 838 2146 flavis,
896 2051 1116 2160 ligatisque
1139 2045 1274 2130 rubris
1308 2053 1509 2157 remigum
1537 2062 1746 2146 carentes,
1804 2040 1948 2125 minus

250 2192 469 2312 pulchrae.

387 2349 512 2431 Not.
554 2347 811 2432 Americana
841 2345 961 2450 avis,
1004 2376 1130 2461 quam
1158 2352 1454 2434 Linnaeur
1476 2380 1555 2465 pro
1583 2347 1791 2434 varietate
1818 2342 1942 2460 ponit

251 2497 540 2613 (Bombyeilla
585 2500 878 2585 caroliniensis
920 2504 1176 2585 Brisson.
1206 2531 1293 2584 om.
1330 2505 1386 2584 ΙΙ.
1423 2535 1464 2617 p.
1494 2510 1609 2613 337.)
1639 2498 1751 2584 mihi
1780 2498 1946 2584 diversa

251 2652 412 2767 species
432 2648 613 2734 videtur.
640 2650 859 2767 Petropoli
879 2685 988 2738 anno
1014 2668 1131 2762 1767.
1161 2653 1300 2737 adlata
1320 2651 1432 2738 mihi
1459 2655 1540 2739 fuit
1559 2661 1740 2739 varietas
1766 2651 1949 2763 Bomby·
2077 2637 2081 2648 ’

251 2803 378 2889 cillae
414 2799 726 2916 pulcherrima,
771 2806 866 2889 alba
894 2835 992 2890 cum
1028 2802 1275 2888 rufescentis
1313 2804 1426 2889 laevi
1462 2807 1675 2909 tinctura,
1716 2802 1952 2915 remigibus

250 2952 581 3066 rectricibusque
620 2956 747 3069 plane
795 2956 931 3057 albis,
1000 2953 1146 3067 ligulis
1182 2968 1328 3036 tamen
1370 2954 1578 3069 remigum
1635 2951 1861 3042 coccineis.
1889 2996 1948 3019 --

252 3109 417 3192 Pondus
452 3108 698 3193 nostratium
733 3108 862 3220 vulgo
889 3107 1040 3192 unciae
1068 3136 1164 3192 cum
1196 3138 1249 3207 n,
1290 3105 1477 3192 tribusve
1506 3107 1735 3193 drachmis.
1808 3109 1949 3187 Mares

251 3259 434 3344 leviores
463 3260 673 3344 foeminis.
731 3264 876 3372 Cyrtis
902 3260 1031 3345 fellea
1057 3257 1227 3372 exigua.
1284 3261 1420 3344 Coecu
1444 3291 1576 3375 parva
1599 3262 1671 3344 aff.

654 3510 781 3628 164.
888 3510 1186 3613 PARUS
1259 3514 1544 3605 barbatus.

387 3700 434 3778 P.
472 3717 604 3780 rostro
631 3696 779 3793 fulvo,
816 3692 997 3780 iridibus
1023 3695 1168 3800 flavis,
1210 3699 1351 3814 capite
1390 3726 1526 3795 cano,
1565 3697 1691 3781 dorso
1727 3697 1946 3810 caudaque

253 3842 514 3933 cuneiforme
543 3846 808 3963 ferrugineis.
1160 3936 1164 3943 ,
1514 3936 1519 3946 ,
1743 3812 1746 3819 ·
1861 3814 1865 3819 -

471 4008 597 4086 Parus
617 4002 747 4086 beard
761 3997 978 4084 mannicus
1006 4003 1051 4109 (a
1077 3998 1250 4114 belgico
1274 3996 1667 4113 Boardntormetzi),
1701 4002 1846 4091 Albin.
1861 4029 1950 4092 ,au-

533 4159 568 4239 1.
597 4156 682 4240 tob.
715 4168 781 4242 58.
810 4158 919 4237 Mas.
1291 4240 1296 4249 .
1409 4242 1413 4248 .
1613 4248 1618 4253 .

470 4305 753 4401 Penduliuus,
783 4312 1065 4420 (perperam),
1095 4305 1273 4393 Cramer.
1305 4274 1670 4435 W22P6‘373fl·
1702 4361 1707 4369 ·
1738 4392 1755 4404 ,,
1793 4364 1799 4383 ·
1923 4378 1929 4389 .

472 4458 626 4541 Lanius
654 4456 879 4558 minimus,
909 4459 1104 4543 Edward.
1138 4491 1201 4544 av.
1231 4462 1288 4542 ΙΙ.
1316 4460 1402 4552 tab·
1433 4472 1500 4545 55.
1529 4466 1653 4545 Mas..
1671 4481 1716 4547 et
1743 4456 1944 4554 foemina«

525 4611 701 4722 Zoolog,
737 4612 830 4697 brit.
874 4644 913 4730 p.
950 4628 1017 4721 74.
1054 4640 1115 4725 sp.
1142 4627 1182 4714 4.
1210 4612 1296 4698 tob·
1325 4614 1360 4699 C
1389 4645 1425 4697 a.
1455 4612 1587 4697 Maris
1613 4612 1819 4727 etfoem.
1844 4611 1945 4722 bgu·

521 4792 593 4848 rae
623 4766 772 4851 bonae.
