4410 5910
1163 426 1311 481 ..Ε-..-

932 628 1105 742 XXV·
1179 628 1548 738 CERVI.

1098 852 1414 873 m

540 970 745 1059 Notabile
774 996 857 1076 est,
893 1005 1105 1089 nunqnam
1135 975 1246 1089 apud
1274 974 1369 1075 nos',
1411 972 1487 1055 ubi
1521 991 1586 1054 tot
1625 965 1890 1055 exoticonun
1928 967 2090 1057 anima·

403 1128 511 1216 lium
538 1157 629 1211 ossa
659 1149 784 1240 atque
811 1127 966 1211 sceleta
994 1127 1279 1242 reperiuntur,
1321 1124 1515 1240 gigantea
1557 1125 1634 1210 illa
1673 1153 1826 1210 cornua
1865 1152 2089 1210 cervorum

403 1281 578 1367 inventa
605 1278 754 1375 fuisse,
783 1280 922 1394 qualia
950 1278 996 1363 in
1024 1278 1182 1391 Anglia
1218 1301 1261 1364 et
1301 1278 1547 1391 praesertim
1588 1275 1805 1392 Hybernia
1844 1277 2091 1392 frequenter

401 1432 449 1520 in
478 1431 707 1543 margaceis
736 1432 804 1514 vel
833 1431 1026 1515 turiaceis
1066 1429 1204 1515 stratis
1242 1430 1571 1547 superficialibus
1609 1430 1885 1533 effodiuntur,
1928 1424 2092 1543 Elaphi

402 1610 448 1672 et
475 1586 602 1670 Alces
631 1583 825 1669 cornibus
853 1585 938 1667 fere
967 1585 1097 1698 duplo
1126 1590 1295 1707 majora.
1354 1588 1472 1696 Quae
1509 1582 1682 1697 quidem
1733 1578 1951 1680 animalia,
1988 1609 2092 1697 quo·

401 1768 494 1824 rum
522 1735 646 1821 simul
674 1737 839 1851 integra
879 1737 1033 1821 scelera
1069 1737 1241 1820 inventa
1280 1758 1394 1838 sunt,
1438 1737 1475 1820 si
1512 1767 1595 1822 non
1625 1738 1678 1820 ad
1705 1731 1837 1819 hodie
1866 1730 2094 1848 deperdita

398 1889 659 2006 pertineant,
700 1886 925 1972 Americae
965 1886 1147 1974 borealis
1176 1885 1407 1972 certissime
1435 1887 1644 2004 inquilina
1684 1917 1774 1972 esse
1819 1885 2096 1970 statuendum

397 2063 482 2143 est,
511 2044 624 2127 unde
654 2043 804 2126 eodem
834 2037 984 2122 diluvii
1014 2042 1246 2125 decumano
1275 2041 1405 2123 fluctu
1432 2037 1477 2123 in
1511 2038 1743 2124 Britannias
1772 2039 1912 2123 delata
1940 2035 2096 2122 viden·

396 2215 486 2293 tur,
528 2194 602 2308 qui
633 2170 896 2309 Elephantos
924 2214 967 2276 et
996 2190 1302 2276 Rhinocerotes
1331 2214 1374 2275 et
1401 2191 1602 2276 immania
1638 2191 1882 2277 Indicorum
1910 2189 2098 2274 Bubalo·

396 2378 490 2431 rum
519 2347 745 2441 cadavera,
781 2373 924 2429 omnes
955 2344 1102 2428 Indiae
1129 2342 1351 2457 indigenas
1378 2345 1562 2447 belluas,
1591 2376 1667 2462 per
1695 2341 1895 2428 Siblriam
1922 2337 2097 2455 sparsit.

397 2497 444 2583 si
472 2498 587 2584 enim
616 2496 782 2583 indicae
810 2493 887 2579 illa
916 2498 1052 2581 forent
1090 2495 1288 2610 originis,
1331 2527 1416 2581 non
1465 2496 1700 2612 potuissent
1741 2527 1826 2582 non
1868 2522 1967 2578 cum
1996 2488 2098 2577 istis

395 2649 444 2735 in
474 2649 627 2734 Sibiria
654 2650 827 2736 inventa
855 2649 995 2734 fuisse,
1052 2638 1305 2733 Verosimile
1335 2649 1474 2764 potius
1496 2651 1809 2764 Cataclysrnum
1836 2645 1985 2746 illum,
2015 2668 2099 2758 per

394 2800 625 2888 immanem
653 2806 759 2888 iorte
787 2804 833 2887 in
862 2806 1035 2890 Oceano
1061 2799 1208 2886 indico
1237 2802 1546 2905 Vulcanorum,
1584 2802 1709 2886 maris
1748 2802 1923 2885 fundum
1954 2796 2098 2885 suble-

395 2952 586 3039 vantium
614 2955 879 3071 eruptionem
907 2953 1158 3041 Continenti
1188 2955 1467 3069 superfusum,
1516 2953 1633 3069 quasi
1663 2952 1859 3038 radiatim
1886 2982 1965 3067 per
1992 2950 2097 3038 hae·

393 3104 696 3221 misphaerium
712 3108 958 3210 diffluxisse,
991 3111 1178 3221 adeoque
1194 3105 1416 3190 Americae
1435 3103 1649 3206 animalia,
1686 3102 1922 3221 aquilonari
1947 3107 2094 3215 (No.)

393 3254 631 3345 directione
659 3290 790 3375 usque
819 3261 864 3344 in
894 3258 1173 3374 Hyberniam‚
1217 3257 1280 3342 uti
1319 3255 1463 3345 indica
1504 3280 1616 3345 recta
1660 3288 1802 3344 versus
1830 3257 2101 3375 Septentrio·

377 3438 493 3494 nem
520 3432 564 3495 et
592 3414 646 3497 ad
673 3413 915 3515 interjectas
945 3408 1232 3526 Septentrioni
1261 3433 1305 3495 et
1332 3408 1529 3526 Zephyro
1553 3412 1699 3498 mundi
1726 3411 1870 3527 plagas
1893 3409 1940 3495 in
1968 3408 2102 3501 arcti·

391 3590 618 3679 casusque
647 3564 825 3650 Sibiriae
856 3564 1049 3678 regiones
1080 3570 1138 3674 (¹³)
1182 3585 1226 3646 et
1268 3586 1431 3678 partem
1468 3562 1641 3647 Rossiae
1667 3584 1711 3646 et
1740 3562 1931 3677 reliquae
1961 3568 2100 3651 Euro-

391 3743 472 3828 pae
502 3715 685 3824 (minori
712 3714 796 3800 huc
827 3717 929 3801 licet
958 3722 1162 3825 numero)
1193 3715 1406 3799 detulisse.
1477 3716 1602 3826 Quod
1632 3738 1771 3798 autem
1795 3727 1992 3828 gigantei
2021 3714 2101 3803 isti

393 3866 515 3949 Cerni
543 3870 622 3976 (**)
661 3866 784 3952 nobis
813 3870 1003 3953 nondum
1029 3864 1270 3973 innotuere,
1315 3866 1630 3983 epopulosiori
1659 3865 1831 3981 regione
1859 3864 1906 3954 in
1935 3867 2099 3957 intima

455 4208 513 4299 (⁸)
540 4211 593 4277 De
619 4208 825 4277 admirabili
863 4231 1016 4280 nurnero
1052 4211 1278 4280 Sceletornm
1310 4208 1629 4301 elephantinorum
1661 4213 1866 4298 optimique
1907 4208 2042 4280 aton·
2067 4213 2108 4281 in

538 4331 662 4397 insula
688 4332 844 4421 quadam
872 4337 1008 4400 Arctici
1038 4339 1163 4400 oceani
1192 4338 1286 4402 ostio
1313 4338 1422 4398 Janae
1456 4333 1557 4398 fluvii
1598 4337 1769 4421 opposita
1802 4334 2006 4421 quotannis
2044 4348 2106 4403 η-

539 4450 738 4541 pertundo,
765 4448 869 4523 conf.
898 4473 991 4540 quae
1017 4455 1153 4521 tradidi
1181 4459 1217 4521 in
1245 4454 1362 4522 libro:
1396 4450 1489 4520 Neue
1514 4452 1691 4521 Nora'ircbr
1718 4446 1898 4540 Beyeraege
1924 4456 2002 4525 voi.

536 4579 577 4640 et
601 4565 852 4642 Disstrrationes
879 4592 977 4640 meas
1004 4577 1041 4640 in
1072 4573 1186 4644 Novis
1212 4572 1417 4645 Comensem
1430 4578 1455 4642 is
1482 4569 1738 4664 Paropoiiranis.

453 4742 530 4836 (⁶⁰)
555 4749 607 4814 De
635 4748 679 4815 iis
705 4753 845 4838 optime
873 4750 1020 4836 scripsit
1045 4743 1193 4818 Amicirs.
1222 4743 1401 4817 Pennanr
1439 4747 1682 4835 Zoologorum
1716 4746 1948 4821 anrlicorum
1991 4746 2109 4819 facil·

539 4871 728 4961 princeps,
755 4875 793 4937 in
812 4868 904 4941 Hirr.
924 4873 1076 4962 qusrdrup.
1094 4889 1128 4962 p.
1143 4877 1202 4970 97.
1226 4873 1293 4942 tab.
1310 4895 1358 4948 rr.
1385 4878 1424 4940 et
1439 4874 1476 4937 in
1490 4866 1582 4940 Acci,
1600 4868 1721 4938 britan.
1749 4868 1814 4956 (ed.
1829 4870 1909 4966 ⁴¹⁰)
1932 4862 1966 4941 l.
1984 4890 2026 4965 p.
2040 4888 2104 4971 ρ
