4410 5910
253 413 320 525 04
1022 426 1188 495 ⁸*

362 624 697 727 canrahaddis
711 627 987 745 Hyarrehim
1008 623 1350 719 occidentalibut
1376 628 1640 743 Kymahyms
1668 623 1816 717 aaut
1842 626 1943 717 flur.

414 788 687 900 Kymlchym·

254 950 273 1011 i
359 992 519 1087 curilis
544 992 774 1110 Kyrtihym
799 995 870 1081 vel
897 990 1050 1116 Ojona.
1104 991 1325 1111 Tuoagi'ria
1351 994 1578 1112 Nogtschoss

366 1202 564 1295 Armenia
590 1206 739 1294 Somur
765 1208 899 1325 (quod
929 1208 982 1292 ad
1008 1212 1166 1294 Turcaa
1194 1238 1292 1333 cum
1318 1235 1458 1293 merce
1485 1202 1654 1313 tranaiit
1680 1232 1861 1331 nomen,
1907 1228 1954 1295 et

420 1388 519 1444 cum
541 1364 793 1449 Tatarorum
840 1356 1178 1448 Casaniensium'
1194 1356 1481 1479 adpellatione
1523 1346 1664 1445 cirilli
1703 1355 1949 1473 c'o'r‘noidit).

261 1672 265 1679 ,
391 1577 577 1695 Sylvoaia
603 1577 800 1683 Sibiriae,
819 1600 866 1665 et
902 1579 1033 1683 Asiae
1061 1581 1230 1685 mediae
1256 1577 1452 1697 alpeatria
1477 1576 1714 1695 peculiare,
1755 1602 1806 1665 ιιι
1830 1576 1949 1668 vide·

253 1754 346 1836 tur,
388 1696 568 1840 animal,
615 1733 731 1848 quod
759 1730 993 1848 frigidioris
1033 1734 1217 1820 climatis
1244 1730 1473 1851 patientius
1510 1761 1638 1846 quam
1663 1735 1846 1840 Mortes,
1889 1762 1949 1821 rt·

254 1882 457 2001 perrimaa
484 1884 679 1999 regiones
704 1883 948 2005 occupavit3
988 1917 1127 2009 neque
1162 1887 1280 1972 enim
1315 1907 1432 1971 certo
1451 1881 1658 2005 ,affirmari
1684 1905 1833 2001 potest-
1853 1914 1947 1973 ern·

254 2037 354 2123 dom
381 2064 471 2121 erse
499 2035 714 2153 speciem,
756 2042 873 2153 cujus
905 2038 1041 2155 pelles
1073 2070 1129 2126 ex
1155 2037 1356 2125 Americ'a
1381 2035 1546 2123 boreali
1573 2032 1826 2154 accipimur,
1868 2066 1947 2127 nec

254 2209 371 2303 uerte
400 2186 509 2274 citra
535 2190 740 2276 Uralenoe
764 2196 910 2308 jugum
929 2192 978 2278 in
992 2194 1127 2309 magis
1137 2189 1476 2280 occidentalibur
1492 2188 1807 2307 nunqminniti
1819 2210 1948 2279 tranr-

256 2339 375 2454 fugn,
405 2338 615 2427 Zibellina
644 2364 767 2459 capta
795 2366 871 2430 est.
928 2349 1049 2459 Quae
1077 2348 1131 2432 de
1160 2342 1545 2429 moribuadicenda
1562 2365 1724 2446 errent,
1752 2343 1948 2431 evolven-

256 2492 312 2576 da
339 2491 507 2577 suntin
535 2494 848 2610 Spicilegiorum
875 2496 1008 2583 citato
1036 2495 1275 2600 Fasciculo,
1316 2493 1392 2582 ubi
1425 2519 1469 2582 et
1502 2492 1602 2629 icon
1629 2517 1674 2582 et
1701 2493 1945 2659 deacriptio.

257 2641 430 2731 Clamor
455 2646 544 2731 fere
571 2644 774 2733 Putorii
760 2648 899 2751 uatia3
927 2647 1106 2736 subinde
1133 2647 1299 2735 Picae
1285 2671 1419 2734 instar
1444 2622 1662 2764 ganniunt.

382 2863 427 2949 N
433 2886 534 2953 ota
570 2903 604 2954 ι.
660 2872 830 2956 Praeter
856 2876 1009 2958 locales
1036 2874 1080 2958 V
1074 2878 1265 2959 enatares
1292 2838 1597 2956 Zibellinarudr
1630 2800 1791 2957 reilere
1817 2848 1946 2985 inagis

259 3011 450 3102 minutae
477 3018 741 3135 nigrescente
769 3021 935 3109 nobiles
962 3047 1007 3111 et
1034 3019 1325 3139 magnitudine
1355 3021 1583 3125 variantes,
1613 3043 1864 3167 praeterque
1882 3051 1946 3109 ae»

258 3167 500 3275 cidentaler,
540 3202 584 3260 r.
612 3200 674 3289 gr
703 3172 935 3262 Zibellinaa
969 3174 1137 3281 niveae,
1179 3176 1470 3277 flavescentes,
1512 3169 1603 3260 imo
1641 3154 1789 3263 fulvo·
1800 3172 1946 3281 lutera,

257 3319 515 3415 crediderim
540 3326 711 3415 affinem
737 3326 878 3417 adhuc
904 3328 1093 3447 speeiem
1118 3327 1166 3415 in
1191 3325 1394 3443 interiore
1414 3323 1520 3415 Aria
1538 3326 1691 3433 latere,
1719 3333 1840 3447 cuju·
1862 3323 1948 3445 pei

257 3469 320 3558 les
354 3504 453 3562 cum
487 3475 700 3565 zibellina
733 3478 936 3566 confundi
974 3482 1130 3585 solent,
1173 3510 1355 3598 quacum
1380 3511 1586 3567 summam
1612 3477 1795 3587 habeut,
1833 3500 1885 3567 ιιι
1907 3498 1950 3567 rt

256 3653 356 3757 cunr
396 3634 534 3716 Marte
577 3628 918 3718 similitudinem.
988 3637 1055 3717 De
1084 3629 1169 3718 hoc
1197 3631 1373 3755 ιιιιιιιιιι
1411 3631 1718 3753 intelligendae
1752 3629 1949 3720 videntur

260 3801 508 3866 renatorum
534 3778 780 3888 relationes,
823 3813 931 3901 quae
958 3780 1005 3870 in
1032 3782 1181 3871 insulis
1209 3786 1262 3872 ad
1288 3782 1445 3871 ortium
1470 3782 1592 3871 fluvii
1620 3778 1754 3871 uth
1737 3812 1787 3871 ιιι
1813 3784 1949 3874 orien-

258 3924 339 4016 tali
376 3928 553 4019 Oceano
586 3931 685 4018 aitis
723 3955 769 4022 et
806 3930 855 4021 in
888 3964 1040 4053 magna
1066 3932 1205 4057 insula
1233 3935 1429 4054 Sagalien
1457 3937 1512 4024 ad
1537 3932 1712 4025 Amurir
1737 3934 1870 4045 onia,
1898 3933 1950 4026 ιι·

260 4082 351 4167 mul
376 4088 534 4170 Manes
560 4106 607 4171 et
632 4082 864 4173 Zibeilinaa
892 4086 989 4208 capi
1021 4046 1265 4205 perhibent.

369 4333 479 4387 -a
492 4302 560 4388 Ex
571 4304 798 4394 Antenore
812 4305 1047 4426 aquilonari
1059 4313 1185 4429 plaga
1206 4340 1283 4428 per
1303 4332 1474 4426 gentem
1499 4304 1952 4401 Taohuktrchicarnrd

259 4480 337 4541 noa
361 4453 551 4572 perlatae
573 4485 600 4542 o
619 4458 806 4575 pellibus
824 4486 1022 4549 consutae
1035 4484 1173 4550 vestes
1185 4463 1426 4551 identidem
1439 4463 1596 4550 animal
1610 4448 1850 4552 Ziiteffinae
1862 4492 1953 4583 per·

261 4636 389 4722 quam
409 4606 550 4695 simile
571 4607 786 4719 indicant,
815 4617 892 4702 red
912 4614 997 4702 ni'ai
1009 4616 1135 4704 fallor
1155 4618 1369 4704 diversum
1381 4613 1537 4735 apecie.
1593 4618 1726 4707 Perta
1735 4612 1844 4704 iotae
1857 4642 1955 4704 cunr

262 4759 443 4879 podibus
467 4785 514 4851 at
537 4764 686 4853 erudio
712 4789 931 4875 contnuo,
972 4770 1178 4859 maximae
1210 4773 1413 4861 Sibiricaa
1438 4769 1671 4861 Zibeffinaa
1704 4771 1950 4888 ρισιιιιιςιιο

266 4934 448 5029 aequant
471 4937 519 5004 et
543 4915 748 5008 diffenmt
773 4920 822 5010 in
848 4947 1014 5039 genere·
1028 4947 1244 5033 cotanen.
1285 4925 1624 5013 uufuvacanta
1649 4920 1822 5013 valeri·
1847 4918 1950 5010 tino·
