4410 5910
1032 311 1182 445 εὶ
1349 350 1356 362 ’
1853 377 1948 476 stt

254 589 399 679 Sciuri
426 618 480 679 eo
507 617 592 675 non
616 609 921 704 pervenerunt,
963 590 1116 674 eodem
1158 589 1351 674 arborum
1379 587 1548 675 delectu
1573 590 1705 681 etiam
1745 590 1950 679 arcticum

252 743 368 831 intra
396 743 601 831 circulum
630 745 757 841 etad
785 770 911 827 omne
938 771 1052 826 mare
1081 740 1259 856 glaciale
1286 742 1414 847 nulli,
1445 773 1525 829 nec
1553 746 1662 830 ultra
1691 750 1884 861 Kovyma
1906 747 1949 831 fl.

251 921 300 982 et
328 896 469 980 sinum
505 862 835 981 Penshinensem
871 923 1123 1010 processere.
1190 895 1300 982 Cum
1328 926 1492 982 annona
1519 898 1694 1013 premit,
1736 897 1951 985 interdum

253 1072 478 1152 autumno,
507 1046 573 1153 uti
610 1050 795 1169 lepores,
837 1077 894 1131 ex
923 1045 1076 1162 alpinis
1103 1045 1149 1131 in
1177 1045 1402 1163 planitiem
1428 1049 1698 1164 sylvaticum,
1744 1050 1849 1135 licet
1875 1050 1949 1135 bo·

250 1199 498 1304 realiorem,
544 1180 700 1316 magno
725 1229 901 1285 numero
928 1199 1132 1315 migrant,
1172 1230 1257 1286 non
1293 1198 1560 1306 cohortibus,
1604 1227 1651 1288 ut
1679 1202 1864 1305 Lemmi,
1907 1225 1951 1288 et

251 1354 341 1436 fere
371 1383 498 1436 manu
525 1355 599 1437 s'ed
627 1328 732 1467 uaga
758 1356 900 1456 turba,
930 1374 1047 1436 tanta
1075 1351 1219 1468 copia,
1258 1376 1307 1437 ut
1333 1352 1379 1437 in
1400 1353 1518 1468 pagis
1541 1375 1584 1437 et
1604 1354 1774 1472 oppidis
1797 1377 1949 1459 errent,

248 1504 488 1620 capiantur.
551 1504 744 1591 Gentiles
784 1502 991 1591 sciuream
1019 1536 1187 1590 carnem
1215 1504 1262 1589 in
1290 1505 1457 1590 deliciis
1486 1503 1658 1592 habent.

391 1766 435 1850 N
441 1738 541 1850 oto.
568 1748 573 1755 ’
598 1770 838 1853 Secundum
866 1769 1009 1855 locum
1037 1794 1082 1855 et
1115 1793 1218 1886 puto
1246 1769 1433 1855 maxime
1475 1772 1704 1854 secundum
1744 1769 1950 1884 pabulum

250 1916 441 2004 maxime
470 1919 637 2003 variant
666 1919 982 2034 magnitudine,
1026 1923 1167 2008 colore
1209 1945 1253 2008 et
1294 1920 1477 2023 vellere,
1520 1951 1597 2037 per
1637 1951 1763 2007 omne
1804 1941 1948 2004 tamen

252 2069 509 2185 Imperium,
540 2072 660 2157 utin
690 2072 991 2177 scandinavia,
1023 2070 1178 2188 hyeme
1204 2074 1339 2159 vellus
1374 2076 1427 2158 ab
1457 2072 1617 2158 aestivo
1645 2076 1785 2158 colore
1813 2071 1951 2156 diver·

254 2254 367 2316 sum,
405 2226 518 2336 quod
546 2223 677 2308 etiam
704 2223 750 2309 in
779 2226 985 2311 calefacto
1012 2225 1206 2333 conclavi
1233 2225 1429 2312 induunt.
1486 2232 1536 2310 In
1559 2223 1732 2311 Rossiue
1753 2221 1951 2311 occiden-

249 2373 478 2461 talioribus
506 2406 650 2462 omnes
679 2397 835 2461 aestate
865 2381 962 2481 rufi,
1002 2377 1159 2495 hyeme
1197 2378 1515 2482 cano-cinerei,
1552 2409 1645 2467 ‚uon
1688 2376 1779 2479 sine
1805 2373 1951 2490 aliqua

253 2527 501 2613 ndescentis
528 2526 575 2613 in
604 2531 728 2615 dorso
756 2528 951 2615 tinctura.
1007 2533 1079 2617 Ad
1108 2535 1322 2615 Sameram
1345 2553 1393 2617 et
1418 2528 1466 2615 in
1486 2527 1644 2648 pinetis
1660 2527 1774 2614 circa
1791 2524 1948 2632 Obum.

251 2702 299 2764 -et
326 2677 635 2794 Tschulymurn
662 2682 705 2766 fl.
732 2680 890 2798 partim
914 2705 963 2767 et
990 2683 1036 2766 in
1065 2681 1241 2767 Isetensi
1269 2683 1465 2797 regione,
1506 2703 1664 2769 aestate
1694 2679 1831 2765 dilute
1857 2672 1950 2785 rufi,

255 2826 414 2947 hyeme
442 2831 644 2918 uniformi
671 2835 814 2919 colore
844 2833 1044 2919 exalbido
1088 2834 1205 2938 cani,
1248 2831 1546 2950 pulcherrimi,
1591 2832 1715 2918 simul
1756 2828 1949 2938 maximi,

254 3014 382 3101 saepe
417 3000 463 3074 15
493 2984 637 3070 uncias
666 2984 927 3102 superantes,
972 2985 1238 3101 longitudine
1275 2989 1432 3101 apoll.
1463 3019 1560 3073 cum
1603 2984 1765 3101 aliquot
1805 2981 1947 3089 lineis,

252 3139 414 3223 caudae
443 3136 534 3222 sine
582 3137 688 3261 villo
716 3143 777 3249 7'‘.
807 3168 904 3222 cum
932 3137 1037 3223 villo
1067 3141 1126 3245 9''·
1158 3154 1253 3223 3—-
1267 3141 1338 3226 5‘''.
1380 3138 1436 3221 Hi
1478 3136 1725 3254 praesertim
1767 3134 1949 3220 Sinensi·

256 3293 333 3379 bus
361 3289 408 3373 in
435 3287 589 3404 pretio.
646 3297 696 3376 In
725 3291 925 3376 ulteriore
954 3289 1073 3376 omni
1102 3289 1254 3376 Sibiria
1278 3312 1322 3374 et
1345 3290 1507 3375 alta‘r‘cis
1522 3290 1707 3406 alpibus,
1739 3286 1813 3372 ubi
1827 3287 1950 3374 Cem-

251 3443 356 3563 brae
385 3440 580 3557 copiosus
609 3465 857 3569 prouentus,
888 3442 1048 3530 aestivo
1077 3473 1101 3527 e
1130 3445 1240 3546 rufe,
1273 3442 1389 3527 vario
1418 3445 1549 3557 gradu
1577 3439 1703 3543 fusci,
1735 3439 1824 3529 imo
1860 3438 1948 3554 pla·

252 3623 308 3681 ue
337 3590 447 3678 fusci
481 3595 551 3678 vel
599 3594 874 3711 nigricantes,
919 3594 1209 3710 magnitudine
1250 3626 1336 3678 nou
1376 3595 1634 3709 eminentes,
1679 3594 1753 3675 sed
1791 3587 1953 3712 hyeme·

247 3745 414 3837 vellere
444 3748 618 3832 obscure
648 3750 1149 3861 plumbemcanescente,
1196 3778 1320 3863 saepe
1349 3744 1740 3831 subcoerulescente
1769 3740 1948 3846 nobiles,

254 3927 436 4015 quorum
463 3898 597 4015 pelles
624 3900 827 3986 uniformi
856 3902 997 3986 colore
1025 3900 1206 4003 tinctae,
1254 3902 1366 4014 apud
1394 3905 1547 3983 Rossos
1588 3894 1774 4009 maxime
1816 3891 1952 4009 requi·

256 4073 406 4137 runtur
433 4074 477 4135 et
504 4083 602 4138 caro
630 4076 854 4138 vaeneunt.
873 4105 921 4121 -·
952 4055 1198 4166 Hybernum
1224 4026 1359 4136 vellus
1380 4050 1426 4136 in
1448 4048 1602 4135 Sibiria
1623 4056 1708 4163 jam
1740 4050 1820 4132 fine
1851 4046 1955 4167 Seps

255 4201 434 4289 tembria
461 4202 661 4305 induunt;
698 4204 745 4290 in
774 4205 922 4292 Rossia
950 4204 1024 4288 vix
1050 4227 1146 4320 post
1172 4203 1381 4308 medium,
1419 4203 1508 4288 imo
1536 4206 1618 4287 fine
1656 4197 1868 4288 Octobris.
1888 4217 1952 4265 ²-

256 4356 498 4443 occurrunt
527 4356 656 4442 rarius
686 4328 822 4442 Sciuri
849 4359 976 4474 plane
1004 4354 1145 4460 nivei,
1189 4358 1257 4442 vel
1287 4356 1395 4461 albi,
1440 4354 1546 4439 areis
1586 4351 1845 4467 maculisque
1886 4377 1949 4432 so·

254 4506 328 4594 liti
370 4507 525 4593 coloris
567 4508 792 4626 variegati,
835 4511 906 4596 vel
947 4479 1090 4596 medio
1132 4511 1255 4596 dorso
1283 4505 1653 4625 longitudinaliter
1695 4502 1811 4607 cani,
1855 4529 1949 4583 cau·

254 4663 312 4747 da
352 4682 399 4746 et
440 4660 647 4779 penicillo
688 4662 870 4768 aurium,
912 4662 1046 4751 utin
1088 4662 1183 4751 aliis
1224 4660 1511 4778 hyemalibus,
1554 4655 1809 4774 nigricante,
1853 4649 1954 4787 reli}

251 4843 341 4929 quo
385 4813 519 4947 albae.
549 4942 588 4950 ..
721 4923 725 4935 Ι

1461 4942 1526 5075 ab,
1618 4886 1625 4896 ⁴
