<?xml version="1.0" encoding="UTF-8"?>
<!DOCTYPE html PUBLIC "-//W3C//DTD XHTML 1.0 Transitional//EN"
    "http://www.w3.org/TR/xhtml1/DTD/xhtml1-transitional.dtd">
<html xmlns="http://www.w3.org/1999/xhtml" xml:lang="en" lang="en">
 <head>
  <title>
</title>
<meta http-equiv="Content-Type" content="text/html;charset=utf-8" />
  <meta name='ocr-system' content='tesseract 3.04.00' />
  <meta name='ocr-capabilities' content='ocr_page ocr_carea ocr_par ocr_line ocrx_word'/>
</head>
<body>
  <div class='ocr_page' id='page_1' title='image "./zoographiarosso01pallgoog_0077.png"; bbox 0 0 4410 5910; ppageno 0'>
   <div class='ocr_carea' id='block_1_1' title="bbox 286 470 1971 1053">
    <p class='ocr_par' dir='ltr' id='par_1_1' title="bbox 286 470 1971 1053">
     <span class='ocr_line' id='line_1_1' title="bbox 1039 470 1228 527; baseline 0 -46"><span class='ocrx_word' id='word_1_1' title='bbox 1039 470 1228 527; x_wconf 53' lang='grc' dir='ltr'>Ε.</span> 
     </span>
     <span class='ocr_line' id='line_1_2' title="bbox 683 674 1570 795; baseline -0.002 0"><span class='ocrx_word' id='word_1_2' title='bbox 683 712 770 795; x_wconf 83' lang='lat'>13.</span> <span class='ocrx_word' id='word_1_3' title='bbox 859 680 1106 793; x_wconf 85' lang='lat' dir='ltr'><strong>CANIS</strong></span> <span class='ocrx_word' id='word_1_4' title='bbox 1167 674 1570 793; x_wconf 80' lang='lat' dir='ltr'>Malonotus.</span> 
     </span>
     <span class='ocr_line' id='line_1_3' title="bbox 286 868 1971 1053; baseline -0.001 -26"><span class='ocrx_word' id='word_1_5' title='bbox 286 876 289 881; x_wconf 94' lang='lat'><em>-</em></span> <span class='ocrx_word' id='word_1_6' title='bbox 392 938 445 1027; x_wconf 85' lang='lat' dir='ltr'>C.</span> <span class='ocrx_word' id='word_1_7' title='bbox 472 962 648 1051; x_wconf 87' lang='lat' dir='ltr'>corpore</span> <span class='ocrx_word' id='word_1_8' title='bbox 674 961 838 1053; x_wconf 83' lang='lat' dir='ltr'>gryaeo,</span> <span class='ocrx_word' id='word_1_9' title='bbox 867 933 1035 1021; x_wconf 78' lang='lat' dir='ltr'>auribus</span> <span class='ocrx_word' id='word_1_10' title='bbox 1046 931 1199 1051; x_wconf 82' lang='lat' dir='ltr'>nigria,</span> <span class='ocrx_word' id='word_1_11' title='bbox 1226 934 1393 1025; x_wconf 81' lang='lat' dir='ltr'>macula</span> <span class='ocrx_word' id='word_1_12' title='bbox 1411 929 1839 1051; x_wconf 75' lang='lat' dir='ltr'>interioriarnarginia</span> <span class='ocrx_word' id='word_1_13' title='bbox 1853 868 1971 1043; x_wconf 75' lang='lat' dir='ltr'>alba,</span> 
     </span>
    </p>
   </div>
   <div class='ocr_carea' id='block_1_2' title="bbox 283 1088 639 1197">
    <p class='ocr_par' dir='ltr' id='par_1_2' title="bbox 283 1088 639 1197">
     <span class='ocr_line' id='line_1_4' title="bbox 283 1088 639 1197; baseline -0.011 -20"><span class='ocrx_word' id='word_1_14' title='bbox 283 1088 509 1197; x_wconf 75' lang='lat' dir='ltr'>exterioris</span> <span class='ocrx_word' id='word_1_15' title='bbox 536 1089 639 1173; x_wconf 86' lang='lat' dir='ltr'>rufa.</span> 
     </span>
    </p>
   </div>
   <div class='ocr_carea' id='block_1_3' title="bbox 285 1278 1975 1573">
    <p class='ocr_par' dir='ltr' id='par_1_3' title="bbox 285 1278 1975 1573">
     <span class='ocr_line' id='line_1_5' title="bbox 286 1278 1975 1422; baseline -0.001 -29"><span class='ocrx_word' id='word_1_16' title='bbox 286 1326 289 1331; x_wconf 86' lang='grc'><strong>’</strong></span> <span class='ocrx_word' id='word_1_17' title='bbox 392 1313 609 1420; x_wconf 85' lang='lat' dir='ltr'>Karagan,</span> <span class='ocrx_word' id='word_1_18' title='bbox 661 1306 832 1393; x_wconf 69' lang='lat' dir='ltr'>Gmelin</span> <span class='ocrx_word' id='word_1_19' title='bbox 887 1278 1024 1418; x_wconf 21' lang='lat' dir='ltr'>Syri..</span> <span class='ocrx_word' id='word_1_20' title='bbox 1057 1338 1091 1388; x_wconf 82' lang='grc' dir='ltr'>ι.</span> <span class='ocrx_word' id='word_1_21' title='bbox 1142 1336 1184 1419; x_wconf 83' lang='lat' dir='ltr'>p.</span> <span class='ocrx_word' id='word_1_22' title='bbox 1224 1321 1293 1416; x_wconf 82' lang='lat'>74.</span> <span class='ocrx_word' id='word_1_23' title='bbox 1332 1332 1395 1422; x_wconf 81' lang='lat' dir='ltr'>sp.</span> <span class='ocrx_word' id='word_1_24' title='bbox 1445 1320 1507 1412; x_wconf 84' lang='lat'>¹4·</span> <span class='ocrx_word' id='word_1_25' title='bbox 1560 1304 1705 1392; x_wconf 70' lang='lat' dir='ltr'>Pallas</span> <span class='ocrx_word' id='word_1_26' title='bbox 1748 1310 1882 1394; x_wconf 72' lang='lat' dir='ltr'>itiner.</span> <span class='ocrx_word' id='word_1_27' title='bbox 1932 1342 1975 1392; x_wconf 82' lang='lat' dir='ltr'>r.</span> 
     </span>
     <span class='ocr_line' id='line_1_6' title="bbox 285 1472 1413 1573; baseline -0.01 0"><span class='ocrx_word' id='word_1_28' title='bbox 285 1476 290 1497; x_wconf 55' lang='lat'>²</span> <span class='ocrx_word' id='word_1_29' title='bbox 448 1491 489 1573; x_wconf 75' lang='lat' dir='ltr'>P·</span> <span class='ocrx_word' id='word_1_30' title='bbox 524 1492 611 1566; x_wconf 86' lang='lat'><strong>¹99·</strong></span> <span class='ocrx_word' id='word_1_31' title='bbox 640 1472 734 1562; x_wconf 74' lang='lat'><strong>⁹34·</strong></span> <span class='ocrx_word' id='word_1_32' title='bbox 1407 1487 1413 1497; x_wconf 88' lang='lat'>&#39;</span> 
     </span>
    </p>
   </div>
   <div class='ocr_carea' id='block_1_4' title="bbox 392 1674 1975 1943">
    <p class='ocr_par' dir='ltr' id='par_1_4' title="bbox 392 1674 1975 1943">
     <span class='ocr_line' id='line_1_7' title="bbox 392 1674 1975 1799; baseline 0.002 -36"><span class='ocrx_word' id='word_1_33' title='bbox 392 1677 534 1765; x_wconf 83' lang='lat' dir='ltr'>Rossis</span> <span class='ocrx_word' id='word_1_34' title='bbox 568 1674 827 1792; x_wconf 87' lang='lat' dir='ltr'>pellionibus</span> <span class='ocrx_word' id='word_1_35' title='bbox 860 1678 1054 1799; x_wconf 77' lang='lat' dir='ltr'>Stepnajo</span> <span class='ocrx_word' id='word_1_36' title='bbox 1079 1679 1218 1764; x_wconf 80' lang='lat' dir='ltr'>Liaizo</span> <span class='ocrx_word' id='word_1_37' title='bbox 1257 1674 1437 1792; x_wconf 77' lang='lat' dir='ltr'>(Vulpes</span> <span class='ocrx_word' id='word_1_38' title='bbox 1465 1676 1742 1789; x_wconf 72' lang='lat' dir='ltr'>desertorum)</span> <span class='ocrx_word' id='word_1_39' title='bbox 1783 1702 1857 1761; x_wconf 79' lang='lat' dir='ltr'>reu</span> <span class='ocrx_word' id='word_1_40' title='bbox 1880 1680 1975 1767; x_wconf 79' lang='lat' dir='ltr'>Ka·</span> 
     </span>
     <span class='ocr_line' id='line_1_8' title="bbox 445 1822 805 1943; baseline -0.006 -28"><span class='ocrx_word' id='word_1_41' title='bbox 445 1831 646 1943; x_wconf 73' lang='lat' dir='ltr'>rugnuka.</span> <span class='ocrx_word' id='word_1_42' title='bbox 800 1822 805 1829; x_wconf 43' lang='lat'>⁸</span> 
     </span>
    </p>
   </div>
   <div class='ocr_carea' id='block_1_5' title="bbox 388 2043 1582 2379">
    <p class='ocr_par' dir='ltr' id='par_1_5' title="bbox 388 2043 1582 2379">
     <span class='ocr_line' id='line_1_9' title="bbox 389 2043 1044 2161; baseline 0.002 -31"><span class='ocrx_word' id='word_1_43' title='bbox 389 2043 793 2161; x_wconf 81' lang='lat' dir='ltr'>Kirgiao·Tataria;</span> <span class='ocrx_word' id='word_1_44' title='bbox 831 2047 1044 2160; x_wconf 73' lang='lat' dir='ltr'>Karagin.</span> 
     </span>
     <span class='ocr_line' id='line_1_10' title="bbox 388 2260 1582 2379; baseline -0.001 -34"><span class='ocrx_word' id='word_1_45' title='bbox 388 2260 554 2351; x_wconf 82' lang='lat' dir='ltr'>Tataris</span> <span class='ocrx_word' id='word_1_46' title='bbox 581 2266 636 2349; x_wconf 89' lang='lat' dir='ltr'>ad</span> <span class='ocrx_word' id='word_1_47' title='bbox 661 2260 871 2348; x_wconf 86' lang='lat' dir='ltr'>Jeniseam</span> <span class='ocrx_word' id='word_1_48' title='bbox 895 2262 1135 2349; x_wconf 70' lang='lat' dir='ltr'>Kurukulirlu</span> <span class='ocrx_word' id='word_1_49' title='bbox 1163 2260 1301 2379; x_wconf 90' lang='lat' dir='ltr'>(nigra</span> <span class='ocrx_word' id='word_1_50' title='bbox 1329 2260 1472 2376; x_wconf 87' lang='lat' dir='ltr'>auria).</span> <span class='ocrx_word' id='word_1_51' title='bbox 1579 2338 1582 2344; x_wconf 88' lang='lat'><em>.</em></span> 
     </span>
    </p>
   </div>
   <div class='ocr_carea' id='block_1_6' title="bbox 278 2467 1970 3193">
    <p class='ocr_par' dir='ltr' id='par_1_6' title="bbox 278 2467 1970 3193">
     <span class='ocr_line' id='line_1_11' title="bbox 284 2467 1970 2585; baseline 0.002 -30"><span class='ocrx_word' id='word_1_52' title='bbox 284 2536 290 2545; x_wconf 87' lang='lat'>.</span> <span class='ocrx_word' id='word_1_53' title='bbox 415 2471 553 2557; x_wconf 77' lang='lat' dir='ltr'><strong>Pelles</strong></span> <span class='ocrx_word' id='word_1_54' title='bbox 578 2471 690 2557; x_wconf 83' lang='lat' dir='ltr'>inter</span> <span class='ocrx_word' id='word_1_55' title='bbox 716 2470 942 2557; x_wconf 78' lang='lat' dir='ltr'>vilissimas</span> <span class='ocrx_word' id='word_1_56' title='bbox 969 2500 1128 2558; x_wconf 84' lang='lat' dir='ltr'><strong>merces</strong></span> <span class='ocrx_word' id='word_1_57' title='bbox 1155 2505 1180 2557; x_wconf 88' lang='lat' dir='ltr'>a</span> <span class='ocrx_word' id='word_1_58' title='bbox 1205 2469 1401 2585; x_wconf 84' lang='lat' dir='ltr'>Kirgisiia</span> <span class='ocrx_word' id='word_1_59' title='bbox 1427 2467 1721 2582; x_wconf 83' lang='lat' dir='ltr'>Orenburgnm</span> <span class='ocrx_word' id='word_1_60' title='bbox 1740 2491 1786 2555; x_wconf 81' lang='lat' dir='ltr'>at</span> <span class='ocrx_word' id='word_1_61' title='bbox 1807 2471 1862 2557; x_wconf 88' lang='lat' dir='ltr'>ad</span> <span class='ocrx_word' id='word_1_62' title='bbox 1882 2471 1970 2559; x_wconf 81' lang='lat' dir='ltr'>alia</span> 
     </span>
     <span class='ocr_line' id='line_1_12' title="bbox 280 2620 1969 2739; baseline 0.002 -34"><span class='ocrx_word' id='word_1_63' title='bbox 280 2620 461 2707; x_wconf 79' lang='lat' dir='ltr'>finitima</span> <span class='ocrx_word' id='word_1_64' title='bbox 488 2622 677 2738; x_wconf 89' lang='lat' dir='ltr'>emporia</span> <span class='ocrx_word' id='word_1_65' title='bbox 704 2626 965 2722; x_wconf 80' lang='lat' dir='ltr'>adlemntur,</span> <span class='ocrx_word' id='word_1_66' title='bbox 997 2645 1043 2707; x_wconf 88' lang='lat' dir='ltr'>et</span> <span class='ocrx_word' id='word_1_67' title='bbox 1067 2622 1115 2708; x_wconf 89' lang='lat' dir='ltr'>in</span> <span class='ocrx_word' id='word_1_68' title='bbox 1143 2622 1457 2711; x_wconf 84' lang='lat' dir='ltr'>australioribua</span> <span class='ocrx_word' id='word_1_69' title='bbox 1483 2621 1653 2720; x_wconf 74' lang='lat' dir='ltr'>deserti,</span> <span class='ocrx_word' id='word_1_70' title='bbox 1678 2622 1796 2734; x_wconf 84' lang='lat' dir='ltr'>quod</span> <span class='ocrx_word' id='word_1_71' title='bbox 1821 2653 1969 2739; x_wconf 87' lang='lat' dir='ltr'>perva-</span> 
     </span>
     <span class='ocr_line' id='line_1_13' title="bbox 280 2771 1969 2891; baseline 0.002 -34"><span class='ocrx_word' id='word_1_72' title='bbox 280 2794 442 2885; x_wconf 81' lang='lat' dir='ltr'><strong>gantur,</strong></span> <span class='ocrx_word' id='word_1_73' title='bbox 471 2774 716 2891; x_wconf 77' lang='lat' dir='ltr'>capiuntur3</span> <span class='ocrx_word' id='word_1_74' title='bbox 745 2775 886 2891; x_wconf 86' lang='lat' dir='ltr'>ipsum</span> <span class='ocrx_word' id='word_1_75' title='bbox 914 2774 1085 2875; x_wconf 84' lang='lat' dir='ltr'>animal,</span> <span class='ocrx_word' id='word_1_76' title='bbox 1112 2778 1227 2889; x_wconf 91' lang='lat' dir='ltr'>quod</span> <span class='ocrx_word' id='word_1_77' title='bbox 1254 2773 1386 2859; x_wconf 80' lang='lat' dir='ltr'>etiam</span> <span class='ocrx_word' id='word_1_78' title='bbox 1411 2774 1459 2860; x_wconf 89' lang='lat' dir='ltr'>in</span> <span class='ocrx_word' id='word_1_79' title='bbox 1477 2771 1678 2885; x_wconf 85' lang='lat' dir='ltr'>Songaria</span> <span class='ocrx_word' id='word_1_80' title='bbox 1704 2793 1749 2857; x_wconf 85' lang='lat' dir='ltr'>at</span> <span class='ocrx_word' id='word_1_81' title='bbox 1774 2774 1829 2856; x_wconf 90' lang='lat' dir='ltr'>ad</span> <span class='ocrx_word' id='word_1_82' title='bbox 1855 2774 1969 2861; x_wconf 77' lang='lat' dir='ltr'>ieni-</span> 
     </span>
     <span class='ocr_line' id='line_1_14' title="bbox 280 2923 1967 3042; baseline 0.002 -33"><span class='ocrx_word' id='word_1_83' title='bbox 280 2953 393 3009; x_wconf 71' lang='lat' dir='ltr'>seam</span> <span class='ocrx_word' id='word_1_84' title='bbox 419 2926 689 3042; x_wconf 78' lang='lat' dir='ltr'>superiorem,</span> <span class='ocrx_word' id='word_1_85' title='bbox 732 2930 853 3014; x_wconf 89' lang='lat' dir='ltr'>datur</span> <span class='ocrx_word' id='word_1_86' title='bbox 880 2957 981 3015; x_wconf 82' lang='lat' dir='ltr'>vero</span> <span class='ocrx_word' id='word_1_87' title='bbox 1017 2926 1065 3013; x_wconf 89' lang='lat' dir='ltr'>in</span> <span class='ocrx_word' id='word_1_88' title='bbox 1092 2927 1344 3028; x_wconf 78' lang='lat' dir='ltr'>borealibus,</span> <span class='ocrx_word' id='word_1_89' title='bbox 1385 2956 1529 3012; x_wconf 88' lang='lat' dir='ltr'>coram</span> <span class='ocrx_word' id='word_1_90' title='bbox 1567 2923 1715 3011; x_wconf 80' lang='lat' dir='ltr'>videre</span> <span class='ocrx_word' id='word_1_91' title='bbox 1753 2925 1967 3042; x_wconf 85' lang='lat' dir='ltr'>integrum</span> 
     </span>
     <span class='ocr_line' id='line_1_15' title="bbox 278 3075 1479 3193; baseline 0.003 -34"><span class='ocrx_word' id='word_1_92' title='bbox 278 3104 363 3162; x_wconf 90' lang='lat' dir='ltr'>non</span> <span class='ocrx_word' id='word_1_93' title='bbox 390 3077 585 3193; x_wconf 81' lang='lat' dir='ltr'>contigit,</span> <span class='ocrx_word' id='word_1_94' title='bbox 611 3080 687 3165; x_wconf 82' lang='lat' dir='ltr'>aed</span> <span class='ocrx_word' id='word_1_95' title='bbox 714 3099 778 3169; x_wconf 82' lang='lat' dir='ltr'>est</span> <span class='ocrx_word' id='word_1_96' title='bbox 804 3077 1026 3163; x_wconf 84' lang='lat' dir='ltr'>evidenter</span> <span class='ocrx_word' id='word_1_97' title='bbox 1051 3079 1279 3193; x_wconf 80' lang='lat' dir='ltr'>peculiaria</span> <span class='ocrx_word' id='word_1_98' title='bbox 1305 3075 1479 3192; x_wconf 82' lang='lat' dir='ltr'>speciei.</span> 
     </span>
    </p>
   </div>
   <div class='ocr_carea' id='block_1_7' title="bbox 271 3399 2015 5043">
    <p class='ocr_par' dir='ltr' id='par_1_7' title="bbox 271 3399 2015 5043">
     <span class='ocr_line' id='line_1_16' title="bbox 384 3399 1965 3520; baseline -0.002 -29"><span class='ocrx_word' id='word_1_99' title='bbox 384 3410 556 3493; x_wconf 79' lang='lat' dir='ltr'>Daacr.</span> <span class='ocrx_word' id='word_1_100' title='bbox 622 3414 667 3517; x_wconf 87' lang='lat' dir='ltr'>(e</span> <span class='ocrx_word' id='word_1_101' title='bbox 690 3404 915 3520; x_wconf 86' lang='lat' dir='ltr'>pellibus):</span> <span class='ocrx_word' id='word_1_102' title='bbox 948 3406 1195 3519; x_wconf 76' lang='lat' dir='ltr'><strong><em>Magnitudo</em></strong></span> <span class='ocrx_word' id='word_1_103' title='bbox 1222 3402 1398 3489; x_wconf 83' lang='lat' dir='ltr'>minoris</span> <span class='ocrx_word' id='word_1_104' title='bbox 1432 3399 1607 3517; x_wconf 80' lang='lat' dir='ltr'>Vulpia3</span> <span class='ocrx_word' id='word_1_105' title='bbox 1646 3404 1798 3517; x_wconf 61' lang='lat' dir='ltr'>Capria</span> <span class='ocrx_word' id='word_1_106' title='bbox 1837 3427 1888 3489; x_wconf 87' lang='lat' dir='ltr'>ut</span> <span class='ocrx_word' id='word_1_107' title='bbox 1920 3401 1965 3488; x_wconf 92' lang='lat' dir='ltr'>in</span> 
     </span>
     <span class='ocr_line' id='line_1_17' title="bbox 275 3555 1968 3658; baseline 0.002 -20"><span class='ocrx_word' id='word_1_108' title='bbox 275 3559 439 3655; x_wconf 83' lang='lat' dir='ltr'>eadem,</span> <span class='ocrx_word' id='word_1_109' title='bbox 468 3558 765 3658; x_wconf 85' lang='lat' dir='ltr'>acuminatum,</span> <span class='ocrx_word' id='word_1_110' title='bbox 794 3588 896 3642; x_wconf 79' lang='lat' dir='ltr'>naso</span> <span class='ocrx_word' id='word_1_111' title='bbox 922 3557 1090 3655; x_wconf 89' lang='lat' dir='ltr'>canino,</span> <span class='ocrx_word' id='word_1_112' title='bbox 1117 3559 1243 3643; x_wconf 89' lang='lat' dir='ltr'>nudo.</span> <span class='ocrx_word' id='word_1_113' title='bbox 1301 3560 1452 3641; x_wconf 72' lang='lat' dir='ltr'>Vertere</span> <span class='ocrx_word' id='word_1_114' title='bbox 1478 3557 1718 3653; x_wconf 77' lang='lat' dir='ltr'>flavescens,</span> <span class='ocrx_word' id='word_1_115' title='bbox 1744 3555 1968 3642; x_wconf 83' lang='lat' dir='ltr'>oculorum</span> 
     </span>
     <span class='ocr_line' id='line_1_18' title="bbox 276 3705 1970 3823; baseline 0.002 -34"><span class='ocrx_word' id='word_1_116' title='bbox 276 3706 459 3791; x_wconf 76' lang='lat' dir='ltr'><strong>ambitus</strong></span> <span class='ocrx_word' id='word_1_117' title='bbox 486 3711 718 3811; x_wconf 79' lang='lat' dir='ltr'>rufescena,</span> <span class='ocrx_word' id='word_1_118' title='bbox 759 3711 835 3793; x_wconf 84' lang='lat' dir='ltr'>sed</span> <span class='ocrx_word' id='word_1_119' title='bbox 868 3708 970 3793; x_wconf 89' lang='lat' dir='ltr'>cilia</span> <span class='ocrx_word' id='word_1_120' title='bbox 998 3710 1131 3823; x_wconf 85' lang='lat' dir='ltr'>nigra.</span> <span class='ocrx_word' id='word_1_121' title='bbox 1200 3713 1415 3822; x_wconf 67' lang='lat' dir='ltr'>Mysiam</span> <span class='ocrx_word' id='word_1_122' title='bbox 1440 3705 1552 3819; x_wconf 84' lang='lat' dir='ltr'>nigri</span> <span class='ocrx_word' id='word_1_123' title='bbox 1577 3729 1624 3793; x_wconf 92' lang='lat' dir='ltr'>et</span> <span class='ocrx_word' id='word_1_124' title='bbox 1649 3724 1829 3791; x_wconf 68' lang='lat' dir='ltr'>rostrum</span> <span class='ocrx_word' id='word_1_125' title='bbox 1853 3734 1970 3821; x_wconf 81' lang='lat' dir='ltr'>pona</span> 
     </span>
     <span class='ocr_line' id='line_1_19' title="bbox 275 3858 1973 3974; baseline 0.003 -36"><span class='ocrx_word' id='word_1_126' title='bbox 275 3876 321 3939; x_wconf 86' lang='lat' dir='ltr'>et</span> <span class='ocrx_word' id='word_1_127' title='bbox 346 3886 469 3970; x_wconf 84' lang='lat' dir='ltr'>anpra</span> <span class='ocrx_word' id='word_1_128' title='bbox 496 3883 702 3973; x_wconf 88' lang='lat' dir='ltr'>myatacea</span> <span class='ocrx_word' id='word_1_129' title='bbox 728 3869 854 3947; x_wconf 82' lang='lat' dir='ltr'>litura</span> <span class='ocrx_word' id='word_1_130' title='bbox 880 3859 1130 3974; x_wconf 84' lang='lat' dir='ltr'>triangulari</span> <span class='ocrx_word' id='word_1_131' title='bbox 1156 3862 1284 3958; x_wconf 81' lang='lat' dir='ltr'>fuaca,</span> <span class='ocrx_word' id='word_1_132' title='bbox 1324 3858 1440 3943; x_wconf 80' lang='lat' dir='ltr'>canis</span> <span class='ocrx_word' id='word_1_133' title='bbox 1468 3861 1676 3974; x_wconf 73' lang='lat' dir='ltr'>adspersa.</span> <span class='ocrx_word' id='word_1_134' title='bbox 1744 3858 1829 3941; x_wconf 76' lang='lat' dir='ltr'>Pili</span> <span class='ocrx_word' id='word_1_135' title='bbox 1866 3879 1973 3943; x_wconf 80' lang='lat' dir='ltr'>anta</span> 
     </span>
     <span class='ocr_line' id='line_1_20' title="bbox 275 4008 1977 4127; baseline 0.002 -35"><span class='ocrx_word' id='word_1_136' title='bbox 275 4038 395 4095; x_wconf 81' lang='lat' dir='ltr'>aurea</span> <span class='ocrx_word' id='word_1_137' title='bbox 420 4010 597 4125; x_wconf 80' lang='lat' dir='ltr'>copiosi,</span> <span class='ocrx_word' id='word_1_138' title='bbox 637 4012 768 4127; x_wconf 87' lang='lat' dir='ltr'>longi,</span> <span class='ocrx_word' id='word_1_139' title='bbox 810 4036 854 4099; x_wconf 91' lang='lat' dir='ltr'>et</span> <span class='ocrx_word' id='word_1_140' title='bbox 881 4012 1065 4097; x_wconf 85' lang='lat' dir='ltr'>anterius</span> <span class='ocrx_word' id='word_1_141' title='bbox 1094 4010 1201 4109; x_wconf 78' lang='lat' dir='ltr'>albi3</span> <span class='ocrx_word' id='word_1_142' title='bbox 1240 4040 1360 4097; x_wconf 74' lang='lat' dir='ltr'>aurea</span> <span class='ocrx_word' id='word_1_143' title='bbox 1393 4010 1510 4125; x_wconf 79' lang='lat' dir='ltr'>ipsae</span> <span class='ocrx_word' id='word_1_144' title='bbox 1549 4008 1708 4124; x_wconf 78' lang='lat' dir='ltr'>nigrae,</span> <span class='ocrx_word' id='word_1_145' title='bbox 1748 4009 1803 4092; x_wconf 88' lang='lat' dir='ltr'>ad</span> <span class='ocrx_word' id='word_1_146' title='bbox 1842 4008 1977 4095; x_wconf 72' lang='lat' dir='ltr'>buda</span> 
     </span>
     <span class='ocr_line' id='line_1_21' title="bbox 275 4160 1979 4276; baseline 0.001 -31"><span class='ocrx_word' id='word_1_147' title='bbox 275 4169 441 4246; x_wconf 81' lang='lat' dir='ltr'>maculo</span> <span class='ocrx_word' id='word_1_148' title='bbox 467 4162 668 4276; x_wconf 79' lang='lat' dir='ltr'>marginis</span> <span class='ocrx_word' id='word_1_149' title='bbox 695 4166 918 4249; x_wconf 75' lang='lat' dir='ltr'>anterioris</span> <span class='ocrx_word' id='word_1_150' title='bbox 946 4166 1054 4264; x_wconf 84' lang='lat' dir='ltr'>alba,</span> <span class='ocrx_word' id='word_1_151' title='bbox 1082 4162 1264 4265; x_wconf 83' lang='lat' dir='ltr'>externi,</span> <span class='ocrx_word' id='word_1_152' title='bbox 1300 4190 1401 4248; x_wconf 90' lang='lat' dir='ltr'>curn</span> <span class='ocrx_word' id='word_1_153' title='bbox 1426 4160 1519 4247; x_wconf 78' lang='lat' dir='ltr'>basi</span> <span class='ocrx_word' id='word_1_154' title='bbox 1545 4183 1650 4260; x_wconf 86' lang='lat' dir='ltr'>tota,</span> <span class='ocrx_word' id='word_1_155' title='bbox 1690 4160 1794 4245; x_wconf 80' lang='lat' dir='ltr'>mla.</span> <span class='ocrx_word' id='word_1_156' title='bbox 1864 4162 1979 4247; x_wconf 79' lang='lat' dir='ltr'>Cor·</span> 
     </span>
     <span class='ocr_line' id='line_1_22' title="bbox 274 4310 1987 4431; baseline 0.001 -36"><span class='ocrx_word' id='word_1_157' title='bbox 274 4342 352 4424; x_wconf 67' lang='lat' dir='ltr'>yma</span> <span class='ocrx_word' id='word_1_158' title='bbox 377 4312 468 4428; x_wconf 90' lang='lat' dir='ltr'>pilo</span> <span class='ocrx_word' id='word_1_159' title='bbox 495 4315 671 4414; x_wconf 88' lang='lat' dir='ltr'>rudiori,</span> <span class='ocrx_word' id='word_1_160' title='bbox 698 4346 824 4430; x_wconf 89' lang='lat' dir='ltr'>quam</span> <span class='ocrx_word' id='word_1_161' title='bbox 850 4317 897 4399; x_wconf 91' lang='lat' dir='ltr'>in</span> <span class='ocrx_word' id='word_1_162' title='bbox 924 4318 1079 4431; x_wconf 85' lang='lat' dir='ltr'>vulpe,</span> <span class='ocrx_word' id='word_1_163' title='bbox 1106 4313 1209 4399; x_wconf 70' lang='lat' dir='ltr'>eada</span> <span class='ocrx_word' id='word_1_164' title='bbox 1233 4336 1377 4399; x_wconf 86' lang='lat' dir='ltr'>tamen</span> <span class='ocrx_word' id='word_1_165' title='bbox 1403 4312 1548 4412; x_wconf 89' lang='lat' dir='ltr'>molli,</span> <span class='ocrx_word' id='word_1_166' title='bbox 1575 4314 1716 4399; x_wconf 86' lang='lat' dir='ltr'>colore</span> <span class='ocrx_word' id='word_1_167' title='bbox 1738 4311 1827 4396; x_wconf 83' lang='lat' dir='ltr'>fare</span> <span class='ocrx_word' id='word_1_168' title='bbox 1840 4310 1987 4427; x_wconf 73' lang='lat' dir='ltr'>Lupi,</span> 
     </span>
     <span class='ocr_line' id='line_1_23' title="bbox 271 4462 1996 4582; baseline -0.001 -35"><span class='ocrx_word' id='word_1_169' title='bbox 271 4486 394 4549; x_wconf 78' lang='lat' dir='ltr'>extus</span> <span class='ocrx_word' id='word_1_170' title='bbox 421 4494 585 4579; x_wconf 86' lang='lat' dir='ltr'>gryseo,</span> <span class='ocrx_word' id='word_1_171' title='bbox 610 4467 714 4582; x_wconf 81' lang='lat' dir='ltr'>pilis</span> <span class='ocrx_word' id='word_1_172' title='bbox 728 4466 1003 4582; x_wconf 76' lang='lat' dir='ltr'>longioribus</span> <span class='ocrx_word' id='word_1_173' title='bbox 1028 4466 1163 4581; x_wconf 85' lang='lat' dir='ltr'>nigria</span> <span class='ocrx_word' id='word_1_174' title='bbox 1189 4466 1339 4569; x_wconf 75' lang='lat' dir='ltr'>mixto,</span> <span class='ocrx_word' id='word_1_175' title='bbox 1366 4466 1482 4550; x_wconf 86' lang='lat' dir='ltr'>intua</span> <span class='ocrx_word' id='word_1_176' title='bbox 1505 4462 1813 4560; x_wconf 79' lang='lat' dir='ltr'>cinaraacente3</span> <span class='ocrx_word' id='word_1_177' title='bbox 1840 4488 1996 4579; x_wconf 69' lang='grc' dir='ltr'>ειμι</span> 
     </span>
     <span class='ocr_line' id='line_1_24' title="bbox 271 4612 2009 4734; baseline 0.001 -36"><span class='ocrx_word' id='word_1_178' title='bbox 271 4618 461 4731; x_wconf 75' lang='lat' dir='ltr'>scapulas</span> <span class='ocrx_word' id='word_1_179' title='bbox 502 4649 598 4705; x_wconf 87' lang='lat' dir='ltr'>area</span> <span class='ocrx_word' id='word_1_180' title='bbox 638 4619 771 4734; x_wconf 86' lang='lat' dir='ltr'>magia</span> <span class='ocrx_word' id='word_1_181' title='bbox 810 4623 1046 4704; x_wconf 75' lang='lat' dir='ltr'>lascescens</span> <span class='ocrx_word' id='word_1_182' title='bbox 1086 4640 1131 4703; x_wconf 89' lang='lat' dir='ltr'>et</span> <span class='ocrx_word' id='word_1_183' title='bbox 1169 4618 1272 4703; x_wconf 87' lang='lat' dir='ltr'>inde</span> <span class='ocrx_word' id='word_1_184' title='bbox 1311 4617 1439 4703; x_wconf 79' lang='lat' dir='ltr'>fascia</span> <span class='ocrx_word' id='word_1_185' title='bbox 1475 4617 1529 4699; x_wconf 88' lang='lat' dir='ltr'>ad</span> <span class='ocrx_word' id='word_1_186' title='bbox 1555 4616 1734 4700; x_wconf 85' lang='lat' dir='ltr'>caudam</span> <span class='ocrx_word' id='word_1_187' title='bbox 1760 4612 2009 4701; x_wconf 72' lang='lat' dir='ltr'>continuo</span> 
     </span>
     <span class='ocr_line' id='line_1_25' title="bbox 273 4752 2015 4884; baseline 0.003 -38"><span class='ocrx_word' id='word_1_188' title='bbox 273 4769 599 4858; x_wconf 72' lang='lat' dir='ltr'>subfulveacena.</span> <span class='ocrx_word' id='word_1_189' title='bbox 667 4776 782 4858; x_wconf 84' lang='lat' dir='ltr'>Aren</span> <span class='ocrx_word' id='word_1_190' title='bbox 808 4754 1135 4884; x_wconf 78' lang='lat' dir='ltr'>longitudinalia</span> <span class='ocrx_word' id='word_1_191' title='bbox 1160 4752 1277 4868; x_wconf 69' lang='lat' dir='ltr'>laia,</span> <span class='ocrx_word' id='word_1_192' title='bbox 1297 4752 1400 4854; x_wconf 83' lang='lat' dir='ltr'>inde</span> <span class='ocrx_word' id='word_1_193' title='bbox 1429 4801 1454 4853; x_wconf 89' lang='lat' dir='ltr'>a</span> <span class='ocrx_word' id='word_1_194' title='bbox 1481 4766 1657 4851; x_wconf 77' lang='lat' dir='ltr'>maxilla</span> <span class='ocrx_word' id='word_1_195' title='bbox 1683 4764 1844 4853; x_wconf 88' lang='lat' dir='ltr'>collum</span> <span class='ocrx_word' id='word_1_196' title='bbox 1869 4764 2015 4851; x_wconf 53' lang='lat' dir='ltr'>suba</span> 
     </span>
     <span class='ocr_line' id='line_1_26' title="bbox 272 4916 2015 5043; baseline -0.003 -36"><span class='ocrx_word' id='word_1_197' title='bbox 272 4938 338 5007; x_wconf 81' lang='lat' dir='ltr'>tua</span> <span class='ocrx_word' id='word_1_198' title='bbox 362 4944 500 5009; x_wconf 85' lang='lat' dir='ltr'>totum</span> <span class='ocrx_word' id='word_1_199' title='bbox 526 4955 738 5043; x_wconf 78' lang='lat' dir='ltr'>occupans</span> <span class='ocrx_word' id='word_1_200' title='bbox 763 4944 809 5009; x_wconf 86' lang='lat' dir='ltr'>et</span> <span class='ocrx_word' id='word_1_201' title='bbox 834 4953 910 5041; x_wconf 90' lang='lat' dir='ltr'>per</span> <span class='ocrx_word' id='word_1_202' title='bbox 936 4946 1084 5041; x_wconf 80' lang='lat' dir='ltr'>pectus</span> <span class='ocrx_word' id='word_1_203' title='bbox 1111 4923 1316 5039; x_wconf 84' lang='lat' dir='ltr'>producta</span> <span class='ocrx_word' id='word_1_204' title='bbox 1341 4949 1471 5035; x_wconf 80' lang='lat' dir='ltr'>usque</span> <span class='ocrx_word' id='word_1_205' title='bbox 1494 4920 1551 5004; x_wconf 89' lang='lat' dir='ltr'>ad</span> <span class='ocrx_word' id='word_1_206' title='bbox 1568 4916 2015 5003; x_wconf 71' lang='lat' dir='ltr'>umbilicumfuecu</span> 
     </span>
    </p>
   </div>
   <div class='ocr_carea' id='block_1_8' title="bbox 0 0 2210 5908">
    <p class='ocr_par' dir='ltr' id='par_1_8' title="bbox 0 0 2210 5908">
     <span class='ocr_line' id='line_1_27' title="bbox 0 0 2210 5908; baseline 0 0"><span class='ocrx_word' id='word_1_207' title='bbox 0 0 2210 5908; x_wconf 95' lang='lat' dir='ltr'> </span> 
     </span>
    </p>
   </div>
  </div>
 </body>
</html>
