4410 5910
253 397 344 485 280
1024 400 1188 457 -··-··--·

255 609 409 716 ternis,
439 590 618 729 quoiuni
648 592 753 713 duo,
798 602 1118 694 semicanalium
1144 604 1297 712 instar,
1341 596 1531 725 superius
1556 598 1819 729 inleriusque
1837 608 1954 703 'mee

250 766 317 850 tui
354 763 561 880 appositi,
606 761 732 846 tertia
770 761 987 847 nnnularis
1021 757 1224 847 conchae·
1248 758 1421 848 insidet.
1491 752 1701 851 Glandula
1736 767 1954 855 avessanno

251 914 547 1032 magnitudine
575 913 650 998 rix
681 925 752 999 3³2
781 945 805 997 a
833 912 998 999 concha
1027 911 1248 1018 distantia,
1279 913 1439 999 meatui
1468 914 1756 1030 adglutinata,
1796 950 1956 1007 musca·

248 1079 393 1187 Iusque
422 1091 533 1153 teres
563 1066 805 1182 cartilagini
829 1088 956 1152 extus
983 1066 1193 1151 insertus·
1243 1073 1361 1151 Inter
1387 1073 1566 1156 conchae
1594 1101 1744 1156 cauam
1770 1094 1818 1157 et
1835 1076 1956 1159 'mea-

252 1246 344 1308 tum
373 1218 629 1305 auditorium
659 1230 854 1336 tympani
882 1218 1109 1333 vestigium
1139 1218 1316 1303 nullum.
1376 1227 1446 1331 (ln
1476 1219 1648 1306 alterius
1675 1216 1872 1307 conchae
1892 1252 1956 1309 ca-

255 1404 313 1460 ro
354 1374 562 1460 ascarides
611 1371 775 1488 aliquot
823 1369 1220 1487 sesquipollicares,
1274 1393 1387 1456 setae
1430 1371 1640 1476 crassitie,
1680 1371 1955 1465 rubictmdae.

258 1532 426 1611 Ecavo
462 1523 650 1609 conchae
690 1547 835 1642 aperto
870 1522 981 1608 ostio
1018 1522 1293 1608 continuatur
1336 1532 1496 1611 canalis
1544 1522 1743 1639 insignis,
1787 1556 1957 1619 carneo·

262 1680 602 1780 membranosus,
634 1698 776 1760 meatu
805 1698 983 1761 externo
1012 1674 1211 1791 amplior,
1242 1707 1318 1793 per
1346 1675 1652 1791 pinguedinem
1685 1678 1740 1763 ad
1768 1680 1957 1795 palatum

252 1833 430 1918 tendens
458 1836 543 1940 (¹³),
574 1827 705 1942 inque
735 1858 912 1943 magnae
941 1828 1103 1911 fistulae
1133 1826 1332 1942 spiraculi
1361 1828 1482 1913 basin
1512 1829 1655 1943 amplo
1691 1826 1861 1917 orificio
1888 1834 1953 1919 de·

256 1986 421 2083 sinens,
449 1983 572 2067 tubae
600 1986 889 2067 eustachianae
919 1981 1132 2092 analogus.
1195 1983 1482 2066 Conchaceam
1505 2012 1556 2066 os
1589 1978 1752 2095 petrosi
1780 1982 1951 2091 mobile,

259 2133 529 2252 longitudine
557 2131 834 2247 tripollicari,
862 2133 1076 2249 pollicem'
1094 2132 1246 2235 latum,
1276 2133 1501 2218 introrsum
1523 2132 1823 2239 convolutum,
1852 2164 1951 2223 caro

253 2290 504 2375 membrana
531 2283 804 2371 obvestitum.
871 2275 1072 2370 Introitus
1107 2289 1326 2370 conchacei
1361 2294 1506 2370 inserui
1537 2282 1701 2369 canalis
1735 2286 1950 2375 obtutam

261 2441 430 2557 stapede
459 2436 596 2522 solido
627 2444 732 2548 (non
760 2437 928 2553 pervio)
957 2436 1032 2553 qui
1067 2438 1231 2522 duobus
1273 2439 1472 2523 musculis
1511 2459 1689 2522 externe
1731 2435 1781 2523 in
1820 2439 1949 2529 diver·

262 2600 356 2680 sum
384 2589 591 2675 retinetur
617 2609 662 2673 et
689 2586 889 2674 cohaeret
916 2592 1054 2675 incudi
1091 2610 1139 2673 et
1179 2598 1350 2695 malleo,
1392 2620 1572 2706 quorum
1611 2588 1729 2705 prior
1770 2592 1948 2709 aliquan

262 2741 589 2831 similitudinem
623 2772 725 2827 cum
759 2742 916 2829 incude
950 2744 1271 2858 quadrupedum
1299 2746 1449 2850 refert,
1492 2745 1598 2830 alter
1632 2766 1698 2830 est
1723 2742 1947 2835 ossiculum

259 2895 463 3000 informe,
495 2918 621 2981 ovato
649 2897 989 3010 subangulatum,
1018 2895 1281 3010 processibus
1306 2896 1570 2982 destitutum.
1636 2901 1810 2985 concta
1837 2909 1944 2987 incas

261 3082 317 3137 na
345 3050 419 3135 vix
447 3050 552 3132 duos
581 3050 791 3132 anfractus
816 3049 1022 3163 complet.
1055 3051 1257 3134 .Canales
1290 3047 1610 3137 semicirculares
1644 3050 1771 3137 nulli.
1789 3100 1851 3121 ·-
1872 3054 1941 3141 Ca·

258 3198 388 3291 eisin
423 3224 516 3287 toto
551 3228 729 3317 corpore
764 3199 930 3315 glabra,
973 3200 1207 3304 albissima,
1250 3199 1452 3286 laevitate
1481 3221 1527 3286 et·
1553 3205 1739 3289 candore
1768 3206 1825 3289 ad
1849 3200 1938 3291 ebtn

257 3352 441 3474 politum
471 3356 698 3456 accedens,
741 3351 1095 3438 translucentibus
1139 3350 1252 3437 striis
1280 3353 1593 3470 subparallelis,
1636 3385 1746 3470 quae
1787 3384 1936 3445 accun-

257 3508 343 3594 tius
370 3507 588 3622 inspectae
618 3506 755 3589 sulcos
784 3503 1057 3588 mentiuntur.
1113 3507 1210 3591 Pori
1246 3502 1466 3619 conspicui
1502 3529 1622 3590 extus
1662 3506 1796 3609 nulli,
1836 3507 1933 3595 sinu

258 3659 421 3744 mucosi
449 3657 571 3742 nulli.
637 3659 722 3740 Sub
749 3656 1033 3773 Epidermide,
1078 3655 1152 3742 vi'x
1181 3657 1446 3742 semilineam
1471 3686 1628 3762 crassa,
1671 3658 1805 3776 inque
1832 3654 1931 3747 lani

258 3838 333 3895 nas
362 3808 525 3924 aliquot
551 3806 691 3912 fissili,
732 3817 948 3894 reticulum
973 3806 1129 3895 coloris
1157 3808 1467 3925 subplumbei,·
1489 3813 1604 3926 quod
1628 3811 1724 3897 cuti
1750 3810 1928 3911 strictius

258 3990 385 4079 quam
410 3959 673 4075 epidermidi
702 3960 1030 4074 agglutinatum,
1066 3962 1298 4049 crassitiem
1332 3962 1455 4049 unius
1489 3962 1629 4053 lineae
1657 3964 1793 4054 habet
1818 3986 1863 4051 et
1882 3962 1928 4047 lo

258 4263 449 4381 sequitur
474 4268 631 4351 lamina
659 4278 766 4353 cutis
794 4268 977 4353 cetaceis
1005 4268 1277 4371 animalibus,
1306 4290 1353 4352 ut
1381 4270 1570 4372 videtur,
1608 4272 1850 4388 proprisset
1868 4292 1920 4387 pe
1982 4260 1984 4267 ¹

259 4116 403 4201 ceolas
431 4112 653 4229 impressas
682 4143 789 4228 quae
818 4113 986 4198 reticuli
1016 4114 1200 4231 speciem
1223 4115 1498 4200 mentiuntur.
1552 4120 1641 4203 Sub
1663 4116 1750 4205 boe
1770 4112 1924 4205 resima

256 4421 449 4521 culiaris,
480 4418 667 4533 quinque
703 4419 911 4505 linearum
953 4419 1141 4505 crassitie
1182 4443 1318 4505 totum
1360 4450 1511 4537 corpus
1551 4422 1808 4529 incrustant,
1846 4442 1917 4507 ow

318 4651 371 4739 (⁴)
399 4654 479 4715 Non
518 4668 665 4738 possum
697 4671 770 4715 non
795 4647 865 4717 hac
889 4652 1082 4717 occasione
1108 4670 1277 4736 monere,
1316 4648 1406 4715 mihi
1433 4654 1470 4716 in
1499 4656 1664 4721 Cataceis
1691 4650 1851 4719 omnibus
1868 4660 1911 4709 ta·

403 4768 521 4836 ddum
561 4776 777 4857 praesertim
826 4791 892 4860 per
931 4771 1090 4837 fistulam
1137 4776 1409 4859 respiratoriam
1449 4778 1488 4839 et
1523 4772 1619 4840 hane
1658 4773 1785 4841 tubam
1819 4768 1910 4837 etr*
1982 4836 1984 4841 .

402 4888 572 4959 ebionem
594 4891 776 4962 credibile
797 4912 879 4962 esse
904 4896 1088 4982 exerceri,
1115 4914 1189 4961 non
1212 4914 1280 4983 per
1303 4897 1498 4961 externum
1524 4902 1685 4965 mamm
1710 4892 1908 4965 nnuman
1980 4844 1984 4909 l
