4410 5910
1030 351 1184 416 Q
1859 328 1954 424 4'85

225 598 229 605 ·
257 576 347 652 tare
373 564 555 683 potest.¹
584 550 636 649 ln
657 560 769 650 sinus
798 544 925 650 maris
953 585 997 650 et
1023 547 1153 664 v‘ada,
1181 543 1310 681 inque
1347 541 1570 651 fluviorum
1602 557 1726 649 ostia.
1741 578 1827 646 non
1858 587 1951 650 raro

258 717 478 805 adscendit
503 716 738 820 turmatim,
769 716 909 803 Pisces
939 714 1184 803 anadromos
1214 716 1454 834 exagitans,
1488 715 1638 832 quibus
1666 713 1866 830 pascitur.

260 885 266 893 '
394 870 438 954 N
444 891 542 956 ota.
599 872 726 961 Color
752 870 909 972 fuscum
947 871 1110 956 macula
1160 869 1303 956 albida
1348 899 1499 986 magna
1525 868 1725 983 utrinque
1754 869 1806 950 ad
1833 893 1952 984 paro·

257 1022 386 1118 tides,
417 1022 597 1136 quaein
633 1024 740 1110 meti
767 1052 893 1139 saepe
921 1044 1051 1108 noctu
1076 1018 1417 1138 phosphorescit.
1472 1020 1707 1136 longitudo
1735 1016 1811 1103 vix
1832 1017 1951 1134 quin·

258 1170 538 1291 'quepedalem
567 1160 750 1292 superat.
808 1176 958 1263 Gauda
986 1204 1058 1261 ora
1086 1173 1294 1259 anteriore
1324 1175 1433 1261 alba.
1529 1174 1532 1180 ’

631 1335 766 1456 146.
857 1334 1346 1425 DELPHINUS
1431 1334 1587 1426 Orco.

393 1485 448 1563 D.
476 1501 609 1565 rostro
638 1510 796 1564 sursum
825 1479 1033 1594 repando,
1062 1477 1238 1563 maxilla
1259 1476 1460 1563 inferiore
1483 1479 1654 1576 latiore,
1681 1472 1824 1561 valide
1848 1477 1945 1562 den·

253 1644 366 1733 tata,
396 1629 526 1746 pinna
556 1629 711 1716 dorsali
741 1661 892 1746 magna
919 1648 1146 1714 retrorsum
1174 1632 1341 1717 falcata.

477 1785 611 1886 Orca,
640 1786 745 1869 Ptin.
774 1787 868 1868 hist.
897 1803 982 1868 net.
1011 1784 1083 1868 lib.
1114 1817 1153 1890 9.
1184 1814 1220 1867 cs
1251 1796 1289 1869 6.
1320 1788 1481 1870 Gesner.
1511 1791 1610 1897 pise.
1641 1812 1681 1894 p.
1713 1793 1807 1893 748.
1851 1778 1946 1866 Wil-

529 1938 671 2047 lughb.
701 1941 824 2021 totth.
855 1966 953 2050 pag.
983 1952 1051 2040 4⁰·
1088 1936 1221 2022 Klein.
1251 1945 1361 2023 miss.
1392 1945 1493 2051 pise.
1522 1939 1577 2018 Π.
1617 1959 1753 2049 psus.
1790 1933 1881 2020 tub..
1913 1968 1945 2017 1.

522 2089 609 2201 fig.
658 2125 691 2172 1.
1075 2130 1081 2141 ·

476 2237 732 2344 Thrashers,
769 2244 961 2326 Briclrell.
991 2242 1085 2326 hist.
1114 2261 1199 2327 not.
1229 2251 1356 2353 carol.
1385 2275 1429 2360 p,
1456 2257 1549 2328 223.

476 2389 716 2506 Delphinus
744 2394 878 2497 Orca,
904 2397 995 2478 Lin.
1023 2414 1128 2507 synt.
1156 2397 1254 2481 ΧΠ
1281 2400 1315 2481 I.
1353 2360 1394 2512 p·
1426 2358 1518 2482 adt.
1556 2375 1627 2508 sp.
1659 2409 1698 2481 3.
1738 2393 1942 2478 Schreber.

532 2552 743 2629 mommol.
773 2553 879 2628 icon.

476 2696 660 2781 Balaena
700 2693 839 2783 minor
878 2717 1053 2814 utraque
1096 2699 1270 2786 maxilla
1312 2702 1505 2801 dentata,
1546 2677 1731 2786 Sibbalcl.
1772 2696 1945 2784 Phalae-

533 2856 682 2962 nol.7
686 2863 766 2937 ..6

365 2994 507 3084 Rossis
537 3003 604 3086 ad
618 3003 835 3088 Oceanum
865 3005 1114 3093 orienlalem
1142 3010 1348 3092 Kossotlsa
1378 3006 1592 3116 (falcator,
1637 3037 1660 3088 a
1689 3006 1823 3093 forma
1851 2953 1943 3097 dor·

420 3151 519 3236 salis
546 3151 735 3267 pinnae).
793 3157 991 3243 Coraecis
1017 3161 1206 3244 Innnatrl.
1264 3156 1422 3244 curilis
1446 3158 1616 3240 Noolsur
1651 3176 1696 3237 et
1729 3124 1940 3239 Dulsnled.

424 3301 759 3390 Camtschadalis
786 3310 982 3421 Dr‘t'geetlt
1008 3332 1053 3396 et
1079 3312 1243 3396 Komoi.
1312 3303 1616 3422 laponensibus
1643 3305 1805 3389 Sadsht.
1863 3301 1941 3390 Ce-

261 3572 264 3577 Δ
420 3454 568 3569 nagice
602 3457 757 3570 Aglnls.

392 3605 581 3692 Maxima
617 3638 899 3723 congenerem
934 3611 1118 3728 species,
1159 3644 1284 3730 saepe
1325 3611 1573 3731 quindecim
1611 3558 1760 3729 pedali
1793 3613 1941 3722 major.

253 3724 304 3848 ln
335 3761 508 3846 Oceano
546 3757 743 3846 orientali
784 3785 829 3847 et
864 3763 970 3850 mari
1011 3762 1235 3853 ochotensi
1276 3765 1585 3882 copiosissima,
1629 3762 1792 3879 magnis
1824 3780 1943 3846 natat

251 3909 425 4011 turmis,
454 3932 590 3997 terror
615 3913 903 4020 balaenarum,
942 3946 1048 4033 quae
1076 3939 1220 4002 tamen
1248 3916 1474 4004 velocitate
1500 3923 1659 4030 majore
1691 3917 1942 4032 plennnque

254 4064 452 4166 vincunt,
483 4065 557 4148 sed
584 4095 685 4181 quas
712 4065 1019 4163 circumventas
1047 4071 1184 4156 Orcae
1212 4070 1408 4155 dentibus
1444 4068 1596 4153 misere
1624 4063 1853 4166 dilaniant,
1892 4081 1942 4144 ut

250 4223 355 4339 prae
384 4215 531 4300 dolore
559 4217 794 4331 mugientes
822 4222 1112 4306 exaudiantur.
1185 4229 1279 4308 Nec
1315 4224 1435 4305 deest
1462 4217 1508 4302 in
1537 4192 1646 4302 mari
1669 4217 1814 4301 boieo.
1870 4215 1939 4294 De

250 4366 472 4456 iracundia
500 4368 703 4453 Orcarum
730 4400 956 4486 earumque
985 4371 1238 4486 migratione
1274 4395 1317 4458 et
1345 4367 1640 4456 venationibus
1667 4362 1800 4451 multa
1828 4359 1943 4477 apud

251 4516 436 4638 gentiles
471 4519 631 4621 fabula3
673 4514 801 4606 etiam
839 4521 1006 4641 scaphis
1034 4524 1391 4630 sunttimendae,
1433 4517 1608 4638 quasin
1637 4514 1744 4604 mati
1772 4514 1817 4601 vi
1829 4512 1939 4597 sut>

255 4692 438 4759 vertunt.
493 4675 814 4787 Depraedantur
833 4675 963 4760 etiam
986 4671 1146 4762 Phocea
1169 4701 1213 4762 et
1233 4679 1531 4763 Pleuronectes
1561 4670 1786 4771 maximos,
1797 4638 1943 4750 alioes

250 4842 346 4943 que
357 4828 532 4939 majores
552 4825 704 4946 pisces.
746 4825 972 4944 spiraculis
994 4814 1145 4944 aquam
1168 4816 1226 4916 ad
1233 4829 1469 4916 biulnarem
1482 4786 1940 4913 altitudineriierue'tat'
