4410 5910
618 649 1884 841 transnatuu

1044 962 1442 1072 ORDOI.

903 1244 1590 1397 FERAE.

539 1836 659 1925 Ordo
685 1835 894 1934 Feramnt,
920 1851 1122 1944 tanquam
1149 1823 1466 1913 evidentissime
1489 1859 1513 1912 a
1534 1832 1697 1912 Natura
1719 1827 1982 1937 constitutus,
2004 1839 2091 1948 jam

404 1993 458 2076 ab
482 1990 745 2074 Aristotel
752 1993 796 2068 is
820 1980 924 2067 inde
951 2008 1070 2082 aeva,
1098 2007 1304 2064 consensu
1335 1954 1527 2063 unanimi
1562 1979 1845 2094 Zoologorum
1883 1984 2090 2073 constitit.

400 2134 753 2227 Evidentissimus
780 2129 896 2217 enirn
922 2130 969 2216 in
996 2133 1178 2216 dentium
1203 2128 1506 2233 uniformitate,
1533 2139 1621 2215 vita
1654 2131 1940 2246 praedatoria,
1977 2147 2091 2226 victu

241 2355 253 2377 .
400 2287 594 2394 animali,
639 2287 880 2400 digestionis
912 2302 957 2366 et
983 2291 1261 2395 generationis
1293 2278 1475 2394 organis,
1511 2280 1688 2396 aliisque
1724 2284 1888 2370 babitus
1921 2284 2090 2372 externi

401 2438 627 2527 momentis
661 2462 885 2521 consensus
912 2430 1108 2518 omnibus
1135 2431 1262 2517 facile
1288 2432 1601 2549 praeluxerunt.
1670 2437 1711 2518 A
1746 2433 1961 2521 nonnullis
1995 2435 2089 2552 qui·

396 2594 509 2676 dem·
529 2588 745 2703 oomplura
772 2587 1060 2695 Senriferarum
1087 2581 1225 2693 (mihi
1254 2582 1488 2693 dictamm)
1515 2611 1669 2696 genera
1690 2581 1775 2672 huc
1797 2616 1965 2705 quoque
1987 2617 2087 2675 con·

394 2761 610 2829 numerata
635 2740 822 2842 luerunt,
858 2736 934 2823 sed
959 2734 1098 2822 minus
1123 2735 1413 2824 consentiente
1440 2740 1616 2822 Natura.

534 3052 692 3136 Ferae
718 3042 888 3163 proprie
915 3043 976 3132 sic
1004 3045 1211 3133 dicendae
1239 3075 1312 3132 seu
1340 3074 1455 3132 mere
1483 3050 1697 3131 carnivora
1725 3067 1770 3131 et
1794 3051 1967 3161 rapacia
1997 3057 2084 3136 ani-

394 3207 539 3301 malia,
567 3229 743 3316 quarum
771 3196 933 3312 species
959 3196 1006 3281 in
1032 3200 1149 3284 Orbe
1182 3196 1405 3312 insigniter
1440 3195 1768 3311 multiplicatae,
1804 3196 1907 3284 licet
1942 3199 2083 3285 minus

392 3349 623 3466 prolilicae,
651 3378 847 3464 magnam
872 3347 920 3434 in
949 3347 1182 3434 Ordinibus
1206 3346 1447 3435 imbellium
1474 3345 1807 3434 foecunditatem
1827 3377 1904 3463 pro
1924 3372 2082 3436 susten·

392 3504 522 3589 anda
547 3499 727 3588 immani
755 3498 986 3587 voracitate
1011 3500 1293 3615 expostulant,
1307 3522 1474 3616 praeter
1492 3500 1676 3586 ἀειιιίιιιιι
1698 3496 1996 3606 characterem,
2021 3514 2080 3590 ia·

395 3658 546 3738 οἰιοιει
578 3681 734 3768 nempe
768 3679 842 3736 seu
869 3660 1064 3763 ptiniores
1089 3649 1297 3755 minutos,
1333 3659 1521 3737 lomariis
1554 3648 1851 3736 robustissimis
1887 3651 2077 3767 stipatos,

395 3821 441 3885 et
474 3809 650 3889 molares
684 3800 1172 3916 lacero-tricuspidatos,
1208 3800 1473 3889 conveniunt
1504 3800 1649 3888 multis
1678 3800 1772 3886 aliis
1798 3830 1853 3886 ex
1884 3826 2077 3892 anatome

393 3976 634 4069 comparata
655 3950 864 4069 petendis.
904 3952 976 4039 sic
998 3984 1038 4037 v.
1060 3981 1123 4068 gr.
1151 3953 1347 4041 omnibus
1382 3960 1608 4041 almicolae
1642 3952 1829 4038 minutae
1866 3953 1912 4039 in
1948 3958 2076 4042 cellu-

391 4102 482 4189 losa
515 4104 797 4190 musculorum
829 4101 1003 4189 inutiles
1034 4127 1083 4189 et
1114 4134 1192 4190 usu
1224 4107 1312 4190 lere
1338 4104 1501 4208 nullae,
1534 4115 1656 4221 spina
1687 4108 1924 4193 vatebralis
1958 4107 2075 4194 elon·

390 4277 486 4368 gata
512 4276 560 4340 et
587 4255 817 4341 admodum
842 4254 1019 4360 flexilis,
1048 4264 1222 4343 musculi
1248 4286 1327 4373 pro
1351 4255 1638 4343 teneritudine
1665 4256 1842 4343 immani
1878 4257 1922 4342 vi
1956 4288 2073 4376 prae·

388 4405 484 4511 diti,
513 4408 770 4522 oesoplagus
795 4428 841 4491 et
865 4404 1003 4492 omnis
1027 4416 1188 4497 canalis
1214 4415 1494 4496 darrenmrias
1518 4409 1738 4528 perampli,
1766 4413 1927 4515 breves,
1950 4442 2071 4499 coeco

386 4558 435 4641 et'
446 4558 549 4646 'colo
575 4553 846 4662 brevissimis,
874 4568 938 4644 vis
963 4559 1168 4671 digestiva
1202 4557 1428 4646 ventriculi
1461 4582 1598 4669 tanta,
1634 4583 1681 4647 ut
1707 4561 1867 4648 ossibus
1895 4594 1980 4650 non
2014 4564 2072 4649 sit

384 4706 534 4826 impar,
556 4716 740 4826 munte
765 4708 813 4797 in
837 4706 1036 4796 macnus
1062 4740 1152 4796 osse
1176 4711 1414 4813 suffultum
1449 4735 1541 4801 cute
1575 4714 1706 4799 etiam
1741 4716 1969 4803 admodum
1997 4745 2070 4802 ex·

383 4859 543 4969 amitt.
569 4891 648 4980 pro
672 4861 932 4967 bcilnandis
958 4859 1145 4949 motibus
1166 4884 1211 4948 et
1231 4862 1491 4983 pinguedine
1512 4866 1648 4975 molli,
1671 4865 1760 4953 imo
1774 4897 1897 4985 saepe
1910 4870 2066 4972 cleosa,
