4410 5910
259 412 345 495 ¹52
1013 360 1168 451 ἘΞ

387 604 725 708 Animalculum,
767 596 851 686 nisi
879 625 1055 713 sequens
1083 611 1192 680 esset
1218 592 1456 691 detectum,
1495 589 1543 677 in
1578 618 1652 678 suo
1680 618 1835 708 genere
1862 591 1941 679 mi·

251 759 433 859 nimum,
462 757 543 875 vix¹
565 764 732 841 Murem
761 749 1026 868 amphibium
1053 748 1165 833 mole
1195 747 1424 848 excedens,
1462 773 1644 859 campos,
1675 744 1939 852 subaltaicos,

250 935 295 997 et
322 909 433 996 circa
462 908 589 994 series
617 907 792 993 collium
820 906 872 1025 ab
901 901 1122 987 austaliore
1164 899 1245 982 fine
1286 896 1500 982 Uralensis
1526 895 1616 1012 jugi
1642 895 1839 1013 utrinque
1867 926 1939 983 ex·

249 1061 506 1146 currentium
534 1057 731 1175 planities
760 1058 928 1141 arbusto
969 1051 1150 1138 consitas
1190 1078 1315 1165 parce
1355 1046 1618 1152 inhabitans,
1662 1049 1756 1134 loca
1797 1078 1940 1135 amans

248 1210 449 1313 herbida,
480 1211 555 1296 ubi
583 1212 658 1295 sub
686 1206 907 1293 fruticibus
936 1203 1142 1288 cuniculis
1172 1199 1398 1286 multiforis
1427 1199 1661 1285 solitarium
1684 1197 1864 1301 habitat,
1894 1221 1939 1283 et

250 1362 487 1477 vespertina
517 1392 641 1463 voce,
674 1356 913 1445 Coturnicis
947 1356 1131 1457 aemula,
1172 1353 1297 1466 longe
1327 1352 1592 1437 exaudienda
1619 1359 1842 1466 conjugem
1872 1382 1940 1467 ap-

250 1515 397 1629 pellat.
454 1520 502 1596 ln
531 1511 685 1597 Sibiria
712 1510 912 1594 ulteriore
940 1530 1053 1591 trans
1069 1508 1242 1592 ·Obum
1269 1510 1310 1590 fl.
1341 1536 1425 1589 non
1453 1508 1594 1608 datur,
1624 1534 1761 1618 neque
1775 1503 1821 1587 in
1837 1508 1939 1586 Rus·

239 1658 311 1748 'sia
341 1667 393 1748 ad
422 1663 688 1749 occidentem
716 1662 879 1773 Volgae
907 1660 991 1743 late
1022 1658 1207 1772 speciem
1236 1656 1503 1771 propagavit,
1546 1686 1625 1741 nec
1667 1656 1775 1739 ultra
1817 1669 1940 1743 bom·

250 1813 486 1900 latitudinis
515 1819 690 1927 gradum
719 1814 771 1895 ad
799 1817 971 1897 boream
1001 1809 1232 1894 adscendit.

581 2117 665 2199 71.
756 2094 1048 2183 LEPUS
1137 2093 1613 2213 hyperboreos.

387 2286 434 2365 L.
463 2284 688 2365 ecaudatus
716 2278 993 2393 ferrugineus,
1024 2280 1147 2362 dorso
1177 2278 1481 2379 cinerascente,
1520 2274 1717 2361 auriculis
1746 2277 1938 2362 rotunda·

249 2432 326 2536 tis,
359 2432 455 2515 albo
485 2430 740 2545 marginatis.

391 2582 560 2697 Species
588 2581 746 2668 eximia
773 2580 980 2699 parvitate
1009 2612 1080 2665 sua
1109 2581 1320 2667 notabilis.
1377 2581 1499 2665 Plura
1527 2586 1614 2693 ejus
1643 2576 1877 2697 specimina
1897 2602 1939 2664 et

250 2734 386 2847 pelles
413 2762 438 2819 e
466 2734 586 2819 terris
612 2733 980 2835 Tschuktschicis,
1024 2733 1098 2819 ubi
1139 2731 1294 2848 hyeme
1337 2734 1516 2818 collecta
1558 2737 1744 2835 fuerunt,
1789 2730 1940 2817 adtulit

251 2888 309 2967 D.
338 2888 394 2967 D.
420 2889 471 2968 M
476 2890 560 2972 erit
568 2922 582 2980 ;
618 2889 807 3001 adeoque
849 2884 1063 2970 tantillum
1093 2882 1391 2971 animalculum
1420 2887 1495 2969 sub
1524 2885 1615 3004 ipsa
1644 2909 1759 2971 arcto
1787 2882 1940 2999 frigora

252 3058 297 3119 et
323 3036 441 3120 nives
470 3067 553 3121 non
583 3038 840 3121 reformidat.

389 3189 575 3274 Descr..
621 3189 869 3302 Magnitudo
898 3185 1062 3271 Lemmi
1092 3184 1321 3302 norvagici.
1378 3188 1729 3274 Praecedentibus
1756 3185 1818 3273 ita
1845 3216 1939 3274 con·

252 3335 440 3441 sobrina,
469 3361 535 3441 ut,
573 3362 739 3454 praeter
764 3341 949 3425 colorem
978 3361 1021 3422 et
1049 3361 1238 3422 naturam
1267 3340 1473 3425 diversam
1503 3341 1771 3453 coloremque
1814 3340 1939 3425 velle·

253 3488 328 3592 ris,
366 3490 441 3573 vix
469 3488 755 3575 characterem
784 3489 996 3593 invenias,
1040 3520 1124 3604 quo
1153 3491 1468 3575 determinetur.
1538 3496 1675 3607 Caput
1703 3489 1938 3605 oblongius,

242 3664 380 3751 ¹quarn
407 3641 452 3725 in
483 3647 529 3725 L.
547 3641 709 3756 alpino,
742 3645 872 3724 forma
893 3643 978 3725 fere
1008 3664 1054 3725 ut
1070 3643 1203 3725 Muris
1226 3643 1448 3727 decumani
1496 3642 1696 3728 lateribus
1717 3641 1937 3745 lutescens,

255 3793 353 3903 gula
378 3813 422 3874 et
449 3792 624 3877 maxilla
652 3792 849 3876 inferiore
879 3792 1033 3878 albida.
1103 3797 1255 3878 Dentes
1289 3803 1484 3908 primores
1512 3793 1621 3896 albi,
1663 3816 1709 3878 ut
1736 3820 1939 3908 congene-

256 3972 370 4040 rum,
397 3954 621 4057 superiores
646 3946 872 4028 secundum
901 3943 1147 4029 interiorem
1176 3947 1373 4058 angulum
1403 3945 1571 4047 sulcati,
1617 3945 1738 4060 apice
1765 3940 1937 4059 emargi-

256 4091 367 4191 nati;
396 4096 469 4177 sed
499 4105 736 4181 accessoriis
762 4093 939 4178 internis
969 4096 1196 4181 denticulis
1224 4096 1297 4179 vix
1326 4097 1581 4212 conspicuis,
1612 4094 1822 4201 minimis,
1851 4124 1939 4179 acu·

256 4244 331 4343 tis;
360 4250 565 4355 inferiores
593 4246 795 4348 truncati,
826 4246 1055 4359 longiores,
1088 4271 1208 4332 extus
1235 4251 1430 4333 convexi.
1458 4300 1514 4315 -
1546 4252 1760 4360 Mystaces
1787 4246 1937 4363 nigres-

256 4421 417 4499 centes,
448 4397 585 4511 capite
613 4397 836 4511 longiores.
866 4450 921 4463 -
964 4402 1185 4485 Auriculae
1215 4405 1480 4504 rotundatae,
1512 4432 1608 4485 cum
1636 4397 1741 4485 exili
1771 4398 1934 4513 ungulo,

257 4578 328 4632 ora
357 4548 465 4634 alba.
494 4600 547 4616 —
577 4551 705 4635 Pedes
732 4546 885 4634 albidi:
915 4551 1437 4665 Palamepentadactylae3
1468 4558 1614 4665 pollice
1629 4548 1934 4649 remotiusculu

256 4700 472 4801 breviore,
504 4701 654 4785 mediis
684 4698 830 4816 digitis
858 4703 1192 4817 subaequalibus.
1262 4706 1432 4789 Flauiae
1460 4703 1784 4819 tetradactylae,
1826 4720 1932 4786 exte

260 4848 369 4934 tiore
397 4852 602 4937 breviore.
669 4856 798 4939 Volae
824 4856 980 4967 pedum
1007 4877 1287 4958 tomentosae,
1331 4879 1496 4971 praeter
1524 4886 1739 4943 verrucam
1764 4854 1841 4939 sub
1866 4876 1929 4935 un·
