4410 5910
250 385 340 475 262
1015 400 1166 491 ,ΕΞ

247 604 407 727 ignaris
433 605 560 724 equis·
585 607 781 723 depasta,
821 603 934 692 intra
960 633 1115 723 paucas
1140 600 1269 691 horas
1296 598 1576 718 strangulatos
1602 618 1766 691 enecat.
1836 602 1951 699 mne

251 764 361 850 forte
388 785 545 848 mortes
572 788 778 876 equorum
805 759 859 842 ad
887 756 1025 845 rivum
1053 759 1257 872 Gorkaja,
1296 755 1409 842 inter
1434 764 1615 841 Cumam
1654 777 1703 842 et
1738 761 1953 851 Terecum

252 912 300 1002 in
333 943 449 1001 mare
477 911 667 1030 caspium
696 914 974 1014 defluentem,
1017 939 1120 1025 quas
1160 907 1290 995 variis
1323 906 1460 995 causis
1486 929 1533 993 et
1560 904 1708 995 herbis
1733 905 1954 1030 hucusque

251 1066 498 1155 tribuebant
523 1069 826 1154 observatores.
882 1061 994 1179 Equi
1022 1062 1068 1147 in
1094 1056 1323 1147 Tauricam
1351 1057 1650 1149 chersonesum
1682 1089 1739 1147 ex
1764 1062 1867 1150 aliis
1892 1067 1953 1154 lo

252 1217 315 1306 cis
343 1218 522 1305 adducti
548 1215 633 1304 hoc
660 1246 826 1303 veneno
853 1215 1018 1331 saepius
1045 1213 1340 1331 decipiuntur,
1375 1236 1421 1300 et
1446 1213 1494 1300 in
1522 1234 1798 1305 enecatorum
1822 1216 1952 1305 fauci-

253 1373 333 1459 bus
362 1369 503 1460 adhuc
531 1368 778 1456 haerentem
804 1366 981 1454 herbam
1008 1365 1170 1453 inveni.

449 1627 577 1723 13¹1.
667 1617 943 1720 EQUUS
1015 1616 1332 1708 Hemionus.
1406 1614 1558 1707 TAB.
1595 1614 1753 1710 XXV.

389 1822 440 1905 E.
468 1819 603 1903 cauda
632 1815 752 1932 apice
780 1838 937 1919 setosa,
977 1794 1155 1930 corpore
1196 1815 1452 1920 lutescente,
1494 1815 1589 1901 loro
1629 1813 1789 1903 dorsali
1816 1817 1948 1909 Fusco.

437 1986 441 1991 ’
472 1969 617 2054 Mulus
645 1968 840 2053 dauricus
868 1969 1119 2069 foecundus,
1149 1970 1430 2053 Messerschm.
1457 1969 1549 2052 MS.

469 2127 617 2236 Equus
643 2118 903 2217 Hemionus,
944 2121 1052 2205 Poll.
1094 2121 1202 2206 Nov.
1231 2121 1348 2205 Com.
1386 2121 1549 2235 Petrop.
1577 2122 1695 2205 XIX.
1722 2153 1828 2238 pag·
1856 2137 1949 2233 394·

530 2273 619 2359 tob.
648 2308 689 2384 7.
743 2273 856 2358 Neue
900 2272 1031 2356 Nord.
1070 2273 1216 2383 Beytr.
1245 2273 1301 2355 Η.
1344 2302 1443 2387 pag.
1479 2308 1513 2356 1.
1555 2272 1642 2358 tob.
1678 2308 1713 2359 ι.
1752 2283 1846 2363 itin.
1873 2278 1949 2365 III.

530 2457 629 2541 pag.
662 2459 756 2534 ²¹7·
797 2425 969 2508 Gmelin.
999 2443 1104 2535 syst-
1131 2431 1204 2509 lin.
1231 2426 1267 2507 Ι.
1304 2455 1404 2537 pag.
1434 2457 1529 2510 aio.
1556 2454 1620 2540 sp.
1648 2438 1691 2514 5.

475 2573 755 2679 Dahikketei,
787 2576 909 2660 Pena.
939 2578 1033 2660 bist.
1063 2577 1210 2692 quadr.
1238 2578 1275 2659 Ι.
1302 2609 1344 2691 p.
1372 2593 1414 2680 4.
1442 2609 1483 2660 n.
1514 2611 1553 2661 a.

365 2729 499 2814 Persis
539 2728 587 2813 in
628 2728 814 2813 Dauuria
855 2729 1030 2843 Stepnyi
1069 2732 1163 2814 Kon
1202 2726 1470 2843 (campestris
1497 2731 1664 2843 equus).
1734 2728 1951 2848 Mongolit

418 2883 668 2994 Dshiggetei
696 2879 908 2991 (auritus),
965 2879 1173 2994 iangutis
1184 2883 1382 2994 Kscbing.
1424 2877 1668 2966 Sineusibus
1696 2882 1786 2971 Yo·
1799 2905 1845 2973 to
1859 2889 1952 2973 ·tbs

420 3034 619 3145 (Mulus).
677 3032 794 3116 Indis
822 3036 1010 3145 Kytsch·
1025 3064 1158 3120 aerae.

390 3184 566 3273 Animal
595 3184 797 3301 Equifero
840 3185 928 3266 fere
973 3184 1182 3299 pulcrius,
1224 3182 1442 3270 inauditae
1468 3183 1708 3273 velocitatis
1736 3210 1784 3275 et
1811 3187 1950 3275 ferita-

255 3337 332 3436 tis,
359 3338 556 3454 frequens
583 3339 630 3424 in
658 3333 840 3453 planitie
870 3333 1014 3449 alpina
1041 3338 1230 3440 deserta,
1274 3339 1351 3421 sub
1378 3337 1551 3423 nomine
1581 3338 1715 3444 Gobi,
1745 3372 1771 3425 s
1797 3341 1950 3429 finibus

251 3489 466 3578 Dauuriae
493 3515 659 3577 nostrae
688 3516 818 3602 usque
844 3487 898 3570 ad
928 3489 1077 3588 Indos,
1105 3486 1217 3572 inter
1236 3495 1334 3601 juga
1355 3487 1566 3574 montium
1587 3489 1794 3576 altissima
1816 3493 1950 3579 orien-

253 3640 352 3728 tslis
379 3643 531 3742 Asiae,
564 3672 690 3755 vaga,
737 3638 933 3753 gregibus
962 3669 1087 3755 saepe
1116 3639 1347 3726 numerosis
1376 3640 1580 3756 migrans,
1621 3664 1780 3730 aestate
1810 3666 1857 3729 et
1883 3672 1951 3761 pe-

254 3791 376 3879 nuria
402 3793 550 3908 pabuli
577 3796 633 3878 sd
660 3794 826 3876 deserta
865 3789 912 3874 in
953 3793 1105 3876 finibus
1147 3791 1348 3895 Sibiriae,
1390 3796 1610 3906 Argunum
1637 3797 1680 3878 fl.
1722 3817 1768 3881 et
1810 3797 1952 3883 lacum

253 3943 382 4031 Dalai
408 3943 570 4031 circum
599 3943 784 4057 jacentia
811 3945 1036 4046 accedens,
1072 3939 1289 4058 hucusque
1317 3943 1546 4048 indomita,
1591 3944 1696 4031 litet
1724 3946 1954 4065 aliquoties

252 4096 363 4213 pulli
390 4097 509 4213 capti
537 4121 584 4183 et
609 4093 781 4184 educati
810 4097 991 4181 [uerunt.
1048 4099 1118 4179 An
1145 4127 1328 4210 unquam
1356 4095 1463 4183 citra
1491 4104 1653 4183 Imaum
1684 4121 1730 4184 et
1750 4100 1956 4187 altaicum

251 4250 395 4359 jugum
424 4250 695 4335 occidentem
724 4278 865 4335 versus
892 4271 1109 4350 excurrat,
1146 4269 1192 4331 et
1220 4280 1273 4334 an
1301 4248 1358 4333 sit
1385 4249 1616 4335 Henionus
1644 4252 1886 4339 Aristotelis
1911 4274 1956 4339 et

252 4397 399 4500 Ponit,
442 4398 489 4484 in
530 4422 735 4517 suspenso·
758 4399 967 4515 relinquo.
1037 4397 1382 4514 Descriptionem
1429 4424 1473 4485 et
1515 4400 1740 4489 historiam
1782 4428 1955 4491 exacta

255 4548 361 4635 dedi
389 4549 436 4635 in
461 4553 595 4639 u‘ovo
622 4557 937 4639 Commentariis
963 4553 1283 4666 Pomponiano
1310 4549 1384 4639 hic
1419 4552 1521 4641 ideo
1556 4585 1645 4641 non
1685 4559 1953 4677 repetendas.

252 4702 352 4785 Sola
380 4701 479 4790 iton
506 4704 563 4792 sit
588 4736 668 4822 pro
693 4727 954 4793 ornamento.
