4410 5910
830 434 1351 746 oudinum.

571 852 1709 1013 RUMINANTIA·

952 1131 1271 1151 *-

385 1258 651 1339 Ruminontio
677 1253 749 1338 vel
776 1255 1035 1362 Μηςυκὰζοντα
1064 1252 1346 1338 Aristoteli
1378 1255 1464 1364 jam
1491 1271 1615 1336 notus
1636 1250 1757 1340 Ordo
1779 1276 1943 1340 natura·

250 1407 326 1508 lis,
371 1406 565 1492 omnibus
591 1427 738 1522 postea
766 1398 964 1513 Zoologis
993 1406 1234 1520 adoptatus,
1260 1426 1349 1488 tam
1375 1402 1559 1488 illustres
1587 1401 1719 1489 habet
1746 1428 1944 1494 externos

251 1559 411 1677 pariter
438 1581 481 1644 et
508 1558 697 1644 internos
724 1552 1008 1658 characteres,
1039 1579 1085 1640 ut
1112 1555 1275 1641 nemini
1303 1586 1389 1642 non
1415 1555 1462 1641 in
1491 1557 1636 1642 oculos
1663 1555 1880 1644 incurrant
1899 1579 1944 1644 et

252 1711 539 1801 artificialibus
565 1739 735 1827 quoque
765 1702 980 1791 methodis
1007 1709 1275 1795 conveniant.
1332 1710 1529 1796 Demium
1556 1719 1782 1824 primomm
1806 1708 1856 1794 in
1883 1740 1946 1795 su·

252 1863 418 1981 periore
447 1863 624 1948 maxilla
651 1863 861 1963 delectus,
903 1868 1084 1973 ungulae
1111 1863 1270 1977 pedum
1305 1861 1473 1963 fissiles,
1511 1860 1729 1977 totiusque
1757 1861 1947 1978 corporis

253 2017 439 2112 hobitum
478 2038 569 2099 tum
605 2014 793 2099 interne:
834 2014 1092 2099 Ventriculus
1127 2014 1411 2129 quadruplex,
1452 2023 1660 2100 intestimo
1700 2013 1948 2129 longissima

254 2198 352 2255 cum
387 2199 538 2272 coec0,
582 2168 710 2283 adeps
742 2196 820 2281 pro
855 2164 1137 2281 pinguedine,
1179 2169 1444 2280 cotyledones
1478 2167 1524 2252 in
1561 2166 1759 2282 placenta
1795 2169 1950 2271 foetus,

256 2319 520 2405 characteres
560 2327 650 2433 ejus
686 2342 782 2404 sunt
818 2325 904 2432 jam
941 2317 1233 2432 antiquissimo
1261 2319 1543 2434 Zoologorum
1569 2317 1755 2436 cogniti,
1795 2320 1950 2436 quibus

255 2471 369 2556 nihil
397 2494 543 2588 postea
572 2474 814 2585 adjecemnt
835 2470 1037 2556 scientiae
1057 2470 1273 2558 Naturalis
1293 2500 1502 2588 proceres.
1559 2471 1794 2559 Distinctio
1819 2472 1951 2561 etism

255 2623 302 2709 in
329 2653 482 2740 genera
509 2626 596 2710 fere
625 2626 775 2709 eadem
801 2623 955 2709 nostris
989 2623 1271 2740 temporibus,
1312 2654 1422 2739 quae
1459 2627 1512 2709 ab
1553 2627 1708 2710 eodem
1747 2628 1791 2711 A
1798 2634 1950 2711 risto-

257 2785 327 2865 tel
334 2809 356 2863 e
383 2775 592 2877 indicata,
633 2800 798 2878 manet,
834 2776 980 2893 paucis
1008 2776 1194 2863 mutatis.
1264 2775 1502 2862 Utilissims
1530 2779 1763 2864 domestica
1793 2777 1948 2863 animo·

258 2930 318 3015 lia
343 2958 401 3014 ex
430 2926 513 3014 hoc
541 2930 691 3017 ordine
717 2929 801 3016 sibi
828 2927 1089 3045 comparavit
1117 2926 1248 3015 homo
1275 2927 1404 3015 Asiae
1438 2952 1483 3014 et
1510 2929 1684 3017 Africae
1711 2929 1879 3036 incola,
1907 2950 1950 3017 et

257 3111 404 3168 omues
432 3080 594 3198 species
623 3081 963 3186 Ruminantium,
992 3079 1161 3166 homini
1188 3081 1235 3166 in
1264 3088 1431 3197 Europa
1458 3105 1503 3167 et
1530 3081 1633 3167 Asia
1661 3080 1796 3169 hodie
1824 3078 1950 3169 servi·

258 3257 396 3335 entes,
437 3233 484 3319 in
524 3236 633 3352 jugis
671 3234 801 3321 Asiae
829 3257 874 3320 et
900 3232 1093 3350 Europae
1120 3233 1350 3320 etiamnum
1376 3258 1632 3351 spontaneae
1660 3236 1948 3339 observantur,

258 3387 413 3505 exiguo
438 3388 544 3475 licet
569 3420 768 3491 numero,
797 3386 1110 3474 anenamribus
1131 3389 1437 3504 propemodum
1450 3387 1727 3505 exstirpatae,
1755 3386 1822 3473 sio
1836 3386 1949 3473 enim

259 3540 379 3655 origo
407 3540 566 3626 Bovilli
592 3543 758 3657 pecoris
787 3545 839 3627 ab
868 3540 1157 3641 Uro„Bubali
1185 3568 1209 3624 a
1238 3548 1285 3627 B.
1316 3538 1587 3654 gmnniente,
1616 3568 1768 3654 caprae
1799 3572 1825 3625 a
1843 3536 1948 3623 mix·

260 3691 316 3778 tis
343 3695 451 3777 forte
478 3694 664 3808 Aegagri
692 3716 736 3781 et
764 3693 890 3780 Ibicis
918 3692 1158 3809 speciebus,
1196 3691 1372 3779 Ovillae
1399 3693 1574 3808 pecudis
1604 3725 1628 3776 a
1655 3699 1884 3779 Musmnne
1908 3709 1949 3774 et

262 3853 493 3942 Ammone,
533 3845 789 3958 Angorensis
818 3876 973 3960 „caprae
1009 3844 1183 3931 forsitan
1213 3846 1237 3928 ia
1263 3850 1402 3960 Trogo
1430 3845 1649 3930 caucasico
1677 3842 1866 3930 derivari
1896 3843 1949 3927 l's·

263 3994 347 4081 cile
376 4017 529 4112 potest.
586 4003 636 4081 In
662 3995 933 4085 interioribus
961 3996 1089 4081 Asiae
1119 3995 1249 4080 etiam
1274 3999 1495 4083 Camelum
1517 3993 1791 4081 Bactrianum
1812 3992 1959 4081 adhue

264 4113 398 4234 ferum
418 4178 631 4267 superesse
654 4149 781 4236 docui
802 4149 848 4234 in
868 4153 1100 4267 Splcilegils
1122 4148 1360 4263 Zoologics's
1388 4152 1447 4262 (F
1450 4181 1552 4235 osc.
1580 4151 1627 4231 X
1626 4152 1656 4234 l.
1673 4183 1715 4265 p.
1728 4166 1770 4253 4.
1791 4169 1877 4233 not.
1891 4150 2005 4257 o),

264 4321 309 4383 et
336 4301 561 4388 Dromadis
588 4304 698 4391 sorte
734 4301 897 4418 species
932 4301 980 4387 in
1010 4300 1177 4386 mediae
1207 4301 1379 4385 forsitan
1407 4300 1578 4386 Africae
1621 4298 1801 4386 desertis
1827 4320 2012 4405 nnt-

264 4475 308 4538 et
334 4452 511 4569 periisse
540 4453 693 4571 potuit.
758 4461 794 4538 E
823 4456 913 4540 solo
949 4453 1121 4540 cervino
1150 4476 1194 4538 et
1220 4455 1529 4568 Antelopamm
1557 4482 1732 4562 genere,
1774 4460 2012 4571 quomrt

263 4625 405 4691 tamen
433 4607 595 4724 species
621 4605 748 4692 facile
777 4605 925 4721 primis
954 4629 1049 4722 post
1074 4604 1342 4690 nativitatem
1372 4606 1520 4691 diebus
1548 4604 1794 4721 capiuntur,
1824 4602 2012 4689 nulls-2

265 4785 348 4870 que
375 4786 502 4872 opera
528 4758 785 4863 cicurantur,
816 4760 996 4863 nullam,
1038 4780 1205 4876 praeter
1239 4759 1498 4862 Tarandum,
1541 4780 1716 4874 propter
1752 4757 2012 4873 exigmmt:

265 4907 374 4995 tone
402 4938 522 4997 usum
549 4932 594 4997 et
620 4911 876 5000 teneriorem
903 4911 1116 5022 indolem,
1139 4906 1229 4997 sibi
1250 4909 1301 4999 in
1330 4909 1574 4998 servitutem
1603 4908 1790 4997 adscivit
1808 4907 2012 4996 homo-¹
