4410 5910
1042 394 1195 457 ²¹⁸¹-
1862 408 1949 492 tos

261 594 433 696 doraum
460 598 720 705 continuata,
752 585 1015 691 annuant.
1083 605 1201 690 Paua
1233 601 1285 687 in'
1316 582 1494 720 'eorpore
1519 602 1636 691 rudis
1647 663 1661 706 ,
1701 609 1945 713 undulatus,

260 760 453 846 obsoleta
480 787 650 874 gryseo‚
679 755 841 862 albido‚
876 757 1081 874 nigroque
1108 738 1288 856 naixtua,
1328 753 1376 841 in
1401 778 1494 842 toto
1521 760 1666 860 dorso,
1706 761 1867 876 nigrior
1893 760 1941 848 in

261 912 430 1000 cervice
459 934 503 997 et
529 911 663 1025 magia
689 910 735 995 in
762 912 893 996 barba
920 911 1062 1023 gulae3
1091 914 1259 1024 nigrent
1285 932 1451 1027 pectus,
1480 911 1632 1017 latera,
1676 914 1780 1001 armi
1808 939 1972 1016 extus,·

262 1087 308 1151 et
335 1093 431 1149 area
457 1067 663 1150 femorum
689 1062 854 1178 poetice
889 1061 1118 1178 triangula,
1160 1092 1300 1147 versus
1341 1065 1520 1148 eandem
1565 1089 1738 1179 anguste
1775 1069 1948 1152 adscen-

261 1219 387 1319 dens3
426 1214 605 1303 Sordide
631 1215 796 1332 pallent
822 1213 935 1330 (pilo
950 1215 1104 1300 xcolore
1131 1236 1176 1300 et
1201 1214 1340 1301 nitore
1368 1217 1455 1300 fere
1482 1213 1670 1327 Phocae)
1706 1215 1880 1333 inguina
1906 1239 1951 1303 et

261 1371 426 1456 femora
453 1370 655 1472 antenna,
698 1365 805 1452 armi
838 1365 1037 1472 interius,
1081 1369 1295 1484 pedesque
1334 1370 1539 1474 extremi,
1576 1393 1745 1486 praeter
1768 1393 1949 1457 tractum

260 1523 406 1610 antico
432 1520 784 1638 longitudinalem
810 1523 1129 1607 flacescentem.
1199 1524 1348 1608 Gauda
1381 1521 1664 1638 bipollicaris,
1706 1519 1862 1610 subtus'
1878 1551 1951 1608 nn·

263 1678 342 1776 da,
370 1676 490 1794 apice
519 1668 659 1788 nigra,
702 1672 958 1788 marginibus
987 1673 1085 1758 albo
1112 1672 1261 1788 pilosa.
1318 1674 1456 1790 Caput
1484 1678 1607 1761 dorso
1633 1677 1767 1762 ferme
1793 1707 1951 1763 concos

262 1827 351 1928 lor,
390 1851 557 1944 praeter
583 1850 764 1912 rostrum
790 1828 1024 1944 pallescens
1051 1848 1096 1909 et
1122 1825 1292 1911 lituram
1327 1825 1491 1941 nigram
1518 1826 1631 1914 circa
1657 1826 1795 1912 sinum
1822 1828 1952 1943 posti·

263 2009 364 2098 eum
391 1979 575 2079 narium,
610 1999 658 2064 ut
685 2001 730 2065 et
755 1979 915 2065 labium
943 1976 1118 2063 inferius
1146 1976 1326 2090 nigrum.
1382 1979 1619 2066 Mensurae:
1648 2012 1672 2066 a
1701 2008 1864 2064 summo
1892 1980 1952 2063 la·

256 2130 340 2218 bio
369 2133 424 2217 ad
451 2133 627 2216 caudam
654 2145 679 2219 6
706 2133 804 2248 ped.
838 2166 883 2217 ιο
912 2131 1017 2246 poll.
1046 2150 1201 2214 statura
1229 2129 1285 2213 ad
1301 2132 1489 2246 scapulas
1515 2134 1564 2221 δ’.
1587 2133 1650 2225 δ”.
1674 2131 1745 2218 off.
1768 2135 1823 2218 ad
1845 2133 1951 2219 lum»

260 2284 343 2370 bos
372 2286 422 2372 5‘.
451 2292 512 2394 7‘'.
547 2284 640 2369 10‘''.
670 2285 803 2369 cauda
832 2291 892 2370 2''.
922 2286 992 2370 3‘'‘.
1028 2281 1118 2367 sine
1145 2278 1236 2397 pilo
1263 2284 1498 2367 excedente
1534 2285 1587 2367 1''.
1618 2291 1689 2370 am.
1731 2283 1953 2371 circumle-

258 2431 402 2521 rentia
427 2435 574 2521 baseos
602 2437 761 2523 caudae
791 2439 851 2523 6''.
880 2436 952 2524 6'“.
980 2457 1109 2551 caput
1135 2464 1159 2518 a
1181 2426 1498 2548 margine'labii
1517 2432 1765 2550 superion’a,
1796 2439 1848 2521 ad
1869 2434 1949 2522 ini·

257 2584 372 2671 tium
399 2588 522 2700 jubae
549 2587 597 2673 in
623 2588 764 2674 nucha
791 2589 841 2676 α’.
871 2591 931 2677 5‘'.
960 2589 1031 2674 6‘“.
1058 2587 1135 2672 aed
1175 2585 1337 2672 directa
1376 2583 1600 2701 longitudo
1637 2615 1717 2705 per
1754 2586 1856 2671 axin
1899 2592 1950 2672 2‘.

262 2742 327 2826 αἲ
356 2743 426 2828 3“'.
454 2743 726 2828 intervallum
752 2739 919 2828 narium
946 2738 1086 2826 antiee
1114 2747 1174 2825 δ”.
1199 2737 1270 2824 3‘''.
1297 2767 1440 2824 earum
1461 2739 1612 2854 longit.
1641 2741 1701 2826 δ”.
1739 2740 1831 2826 ιο”.
1859 2736 1949 2824 hia-

259 2912 332 2977 tus
360 2892 490 2978 antici
521 2892 637 2979 sinus
681 2895 736 2979 1''.
773 2895 844 3001 4'''.
882 2889 1225 2980 cimumlerentia
1251 2890 1337 2977 oria
1370 2902 1415 2977 1‘.
1444 2894 1505 2979 θ’.
1536 2927 1575 2979 ο.
1616 2890 1733 2979 oculi
1773 2890 1952 2978 canthus

263 3078 290 3134 a
316 3045 485 3133 naribus
513 3045 642 3134 distat
676 3047 720 3132 ι’.
750 3044 810 3132 δ”.
838 3047 911 3150 tm.
940 3068 1131 3163 apertura
1157 3045 1275 3136 oculi
1309 3053 1361 3132 1⁸.
1385 3047 1463 3135 ·5“'.
1493 3049 1546 3130 ab
1574 3048 1701 3132 oculo
1727 3047 1781 3131 ad
1808 3076 1952 3132 aurem

262 3198 328 3290 δ”.
364 3200 430 3283 tm.
460 3197 623 3284 aurium
648 3197 873 3312 longitudo
904 3200 987 3285 to“.
1016 3199 1089 3303 4²⁰.
1117 3198 1228 3287 basis
1256 3198 1396 3284 clausa
1424 3198 1485 3281 2⁰.
1514 3199 1585 3284 om.
1623 3197 1825 3283 distantia
1859 3230 1947 3285 oor-

257 3350 397 3439 nuum
424 3351 477 3436 ab
505 3353 628 3438 oculo
662 3353 718 3436 1'‘.
746 3352 815 3438 8'''.
843 3352 896 3436 ab
910 3379 1016 3442 aute
1035 3351 1097 3436 ὤ.
1126 3352 1199 3457 tm.
1227 3351 1410 3436 interae
1436 3351 1499 3456 4“.
1534 3350 1627 3434 11''‘.
1655 3348 1951 3436 circumferen-

262 3504 329 3591 tia
356 3533 500 3590 eorum
528 3506 581 3591 ad
609 3525 736 3621 caput
763 3503 824 3590 δ”.
853 3503 923 3590 am.
948 3532 1131 3590 coronae
1159 3505 1221 3592 δ”.
1257 3502 1351 3586 tom.
1393 3501 1594 3588 damna
1623 3532 1795 3588 -aumma
1839 3501 1954 3586 inter

263 3685 404 3745 ramos
437 3655 519 3742 to‘'.
546 3657 619 3761 tm.
645 3656 870 3770 longitudo
908 3654 1140 3773 pedunculi
1185 3684 1389 3741 cornuum
1431 3656 1493 3742 δ”.
1533 3657 1701 3774 palmae
1747 3665 1792 3741 ι’.
1815 3646 1883 3744 δ”.
1913 3689 1952 3740 o.

264 3804 620 3897 circumferentia
640 3808 799 3927 eapitis
827 3830 923 3894 ante
949 3809 1099 3894 oeulos
1121 3819 1172 3892 α’.
1201 3810 1260 3893 a'‘.
1293 3843 1334 3893 o.
1374 3837 1489 3925 pone
1528 3810 1674 3895 oculoe
1711 3817 1760 3894 a‘.
1789 3808 1849 3897 δ’.
1880 3809 1951 3894 6'“.

264 3958 396 4048 metri
428 3960 563 4047 126⁰.
597 3963 689 4046 tom.
720 4010 771 4033 -
812 3967 863 4046 In
892 3963 1078 4071 foemina
1114 3992 1270 4048 cornua
1314 3961 1455 4063 nulla;
1489 3963 1592 4082 juba
1625 3963 1761 4077 'longe
1799 3959 1951 4062 minor,

262 4141 396 4230 quam
422 4109 548 4243 mari,
584 4110 762 4228 artigua.
819 4113 960 4201 Ubera
985 4136 1205 4229 quaterna.
1271 4114 1487 4200 Pulmonea
1513 4115 1814 4231 praegrandes,
1853 4142 1952 4227 qua·

263 4260 441 4351 drilobi.
509 4265 595 4350 Cor
617 4265 693 4350 tix
720 4263 906 4351 humano
933 4267 1073 4383 capite
1102 4264 1255 4350 minua.
1323 4267 1465 4382 Hepot
1492 4267 1786 4379 explanatam,
1825 4272 1952 4376 cyati-

261 4415 323 4502 δε
351 4413 577 4531 conspicua
604 4417 734 4503 nulla.
789 4423 891 4506 Lien
917 4419 1163 4524 celluloaus‚
1200 4414 1389 4532 fatagini
1414 4412 1580 4501 similis.
1605 4394 1817 4502 Omanae
1843 4410 1952 4498 reni·

248 4565 435 4667 «sumn,
460 4564 575 4652 intua
603 4567 867 4674 lamelloaua,
903 4603 1000 4662 cum
1026 4573 1197 4692 preludo
1224 4567 1500 4688 panniculoto
1524 4565 1816 4686 capaniaimo.
1883 4569 1951 4649 In·

248 4715 424 4806 ⁸teatina
448 4718 708 4837 longissima.
735 4772 796 4792 -
