4410 5910
254 382 345 491 ³4⁶
1015 376 1165 448 Ξ

251 605 314 691 sia
342 625 386 691 et
414 627 580 715 semper
604 625 680 712 per
707 594 826 711 paria
853 595 1010 679 volant.
1068 590 1273 676 Pruriunt‘
1298 592 1374 675 sub
1416 592 1542 674 finem
1580 587 1730 674 Martii
1774 613 1822 675 et
1861 591 1950 679 ine

209 758 214 765 ’
251 780 351 842 unte
391 750 561 869 Aprili,
604 750 650 832 in
692 749 885 831 excelsae
921 744 1086 830 'arboris
1134 742 1352 830 cacumine
1395 771 1557 829 summo
1574 804 1592 839 ,
1628 772 1715 827 nou
1753 743 1884 858 louge
1925 776 1947 828 a

250 910 372 1009 nido,
416 934 544 1020 quem
585 897 808 1014 quotannis
836 896 1022 1013 repetit,
1059 898 1192 981 multo
1221 926 1316 980 cum
1345 896 1543 979 clamore.
1621 897 1662 976 V
1658 926 1717 981 ox
1759 897 1948 1010 querula,

251 1062 399 1144 crebro
429 1052 715 1153 exaudienda,
759 1049 878 1164 quasi
913 1049 1212 1163 Gallopavonis
1227 1046 1422 1131 -feminae
1465 1046 1650 1144 aemula,
1694 1045 1948 1162 clangosior.

251 1213 354 1296 Ntctt
381 1206 612 1294 constructi
640 1233 670 1286 e·
694 1200 870 1284 fustibus
899 1199 945 1283 in
974 1201 1177 1285 circulum
1204 1199 1445 1284 decussatis.
1507 1196 1595 1282 Ubi
1623 1195 1732 1283 haec
1763 1198 1949 1284 maxime

253 1363 439 1447 abundat
467 1356 656 1473 species,
689 1353 929 1462 Ossifragae
958 1352 1202 1465 parcissime
1233 1350 1405 1453 vivunt,
1441 1353 1630 1464 adeoque
1656 1350 1778 1434 nulla
1805 1349 1854 1434 in
1883 1348 1949 1434 his

253 1542 369 1629 spes,
410 1532 458 1594 ut
484 1510 622 1623 pullos
649 1505 873 1588 Atbtcttlae
902 1501 1040 1588 adhuc
1082 1503 1337 1619 impotentes
1379 1536 1405 1586 a
1443 1499 1686 1618 parentibus
1732 1501 1951 1615 neglectos

252 1663 461 1759 nutriant,
490 1659 554 1744 uti
574 1656 783 1741 fabulatur
810 1655 1127 1741 Aristotele-s
1154 1678 1197 1738 et
1219 1656 1478 1740 confidenter
1497 1653 1595 1736 satis
1617 1653 1816 1737 resumsit
1838 1656 1948 1763 Buf-

244 1819 427 1926 fonius
467 1820 497 1898 l.
539 1841 580 1894 c.
625 1842 665 1924 p.
702 1839 789 1888 ror.
816 1853 874 1869 -
912 1812 1077 1890 Pennae
1120 1805 1317 1892 rectrices
1353 1804 1484 1889 etiam
1521 1801 1644 1915 hujus
1680 1803 1869 1919 Aquilae
1898 1806 1947 1890 ad

253 1965 424 2080 sagittas
454 1959 729 2046 aestimantur
757 1978 800 2039 et
828 1980 923 2041 suat
950 1957 1062 2044 inter
1088 1987 1269 2063 merces,
1300 1988 1407 2076 quae
1424 1959 1721 2070 Orenburgum
1741 1988 1822 2072 pro
1849 1954 1945 2042 asiae

254 2115 354 2201 ticis
383 2115 639 2198 adferuntur.

369 2269 545 2351 Descr.
614 2266 747 2349 Moles
773 2240 1079 2377 Galloparonis¹
1103 2289 1146 2349 et
1174 2289 1237 2349 est
1264 2296 1288 2350 e
1318 2259 1534 2364 maximis,
1577 2261 1654 2345 sed
1689 2259 1771 2345 alis
1799 2258 1945 2346 minor.

255 2425 469 2514 Rostrum,
511 2438 558 2498 ut
584 2414 629 2498 in
658 2417 966 2529 praecedente,
1003 2447 1225 2529 magnum,
1263 2416 1354 2501 basi
1381 2414 1701 2515 rectiusculum,
1744 2443 1945 2528 compress

258 2602 369 2671 sum,
414 2564 573 2682 pallide
615 2595 796 2658 cereum.
856 2570 979 2652 -Cere
1019 2567 1151 2681 magis
1191 2568 1340 2654 livida.
1410 2567 1539 2652 Irides
1578 2565 1947 2678 gryseo-albidae;

257 2721 489 2837 palpebrae
513 2715 702 2828 margine
730 2718 891 2815 nudae,
919 2718 1078 2832 pallide
1106 2723 1250 2805 flavae.
1309 2725 1447 2835 Caput
1475 2749 1571 2804 cum
1593 2715 1762 2803 cervice
1788 2743 1945 2830 gryseo

259 2869 527 2971 exalbidum,
557 2866 713 2981 plumis
744 2868 990 2952 acuminatis
1017 2873 1227 2983 juhetam,
1272 2875 1405 2975 unde,
1449 2893 1494 2957 et
1521 2891 1691 2986 propter
1719 2867 1849 2952 rostri
1874 2867 1945 2950 lor·

257 3051 394 3120 mam,
424 3022 479 3105 ad
505 3020 705 3104 Vultures
734 3019 880 3104 referri
908 3050 996 3104 non
1019 3044 1174 3136 potest.
1248 3028 1409 3139 Corpus
1435 3024 1616 3122 fuscum,
1661 3021 1808 3105 subtus
1835 3022 1946 3104 obse

261 3171 411 3276 letius,
441 3171 598 3287 plumis
626 3171 747 3289 apice
776 3174 1165 3286 gryseo-exoletis,
1208 3174 1406 3287 lanugine
1435 3172 1736 3259 cinerascente.
1795 3173 1949 3256 Pennas

261 3326 420 3411 alarum
447 3323 670 3439 rigidiores
698 3355 825 3438 quarn
852 3323 898 3406 in
929 3321 1184 3436 Chrysa'e'to,
1221 3324 1491 3410 secundariae
1518 3322 1653 3439 scapis
1681 3354 1807 3438 supra
1834 3320 1947 3418 albis,

261 3479 405 3561 subtus
433 3476 573 3561 fuscis.
631 3477 780 3560 Couda
807 3476 1060 3574 obrotunda3
1087 3486 1274 3565 rectrices
1303 3478 1451 3575 albae,
1475 3475 1565 3560 basi
1592 3497 1707 3559 tecta
1734 3473 1857 3590 nigro
1883 3499 1943 3557 ue·

259 3627 452 3725 bulosae;
496 3635 680 3711 rectrices
715 3625 991 3740 nigricantes,
1034 3627 1199 3712 mediae
1236 3660 1261 3711 a
1296 3627 1440 3712 medio
1469 3628 1610 3724 albae,
1649 3625 1772 3741 apice
1816 3629 1945 3711 denuo

156 3766 167 3793 ⁶
214 3833 220 3847 ·
260 3775 421 3888 nigrae.
479 3777 607 3859 Pedes
635 3777 690 3858 ad
717 3777 877 3859 medias
906 3777 1032 3862 tibias
1060 3779 1183 3883 nudi,
1213 3779 1377 3864 intense
1405 3777 1523 3880 llari,
1566 3777 1714 3891 digitis
1743 3771 1942 3863 crassiori·

260 3927 359 4030 bus,
387 3927 464 4010 sed
490 3925 700 4038 unguibus
725 3925 856 4039 nigris
885 3927 1137 4033 minoribus,
1168 3962 1295 4045 quam
1317 3945 1362 4017 in
1385 3933 1512 4017 nobili
1534 3952 1577 4012 et
1599 3933 1855 4042 Clrrysaeto,
1881 3953 1942 4011 ne·

263 4109 346 4194 que
375 4077 561 4163 exterior
590 4074 748 4191 digitus
777 4080 883 4162 adeo
911 4080 1138 4166 versatilis..
1201 4084 1368 4168 Pondus
1403 4085 1490 4166 fere
1527 4114 1570 4165 ιο
1601 4081 1827 4183 librarum3
1866 4106 1943 4167 mat

262 4232 390 4342 paulo
417 4229 568 4356 minor.
625 4232 820 4315 Mensura
847 4232 901 4314 ad
928 4233 1181 4348 uropygium
1215 4241 1258 4318 ι’.
1288 4243 1349 4320 δ”.
1379 4237 1448 4320 6’”.
1482 4236 1640 4319 caudae
1675 4237 1759 4321 11¹¹.
1796 4235 1941 4320 alarum

262 4378 388 4463 ulnae
424 4393 468 4464 1‘.
504 4386 586 4468 10⁰.
616 4413 893 4498 expansarum
923 4393 971 4471 δ’.
1002 4387 1062 4490 9”.
1133 4392 1182 4471 In
1223 4384 1425 4471 intestino
1453 4387 1540 4471 fere
1576 4402 1620 4472 ιδ
1650 4388 1783 4502 pedes
1811 4388 1940 4496 longo,

262 4561 385 4617 coeca
414 4533 522 4631 duo,
549 4537 662 4619 mole
691 4532 810 4646 grani
837 4533 1036 4640 secalini,
1066 4567 1151 4622 non
1180 4562 1330 4624 exacte
1358 4538 1564 4653 opposita.
1626 4537 1841 4625 Tartesia
1867 4561 1938 4618 ma·

261 4710 329 4779 re,
355 4705 546 4798 tempore
575 4684 761 4785 veneris,
790 4687 902 4771 mole
930 4688 1060 4804 dupla
1088 4689 1228 4773 nuclei
1255 4691 1522 4805 amygdalae,
1568 4693 1698 4803 figura
1726 4678 1936 4777 subsimilis

262 4831 481 4946 depressa,
523 4837 761 4944 sublunata3
805 4835 974 4925 sinister
1013 4847 1158 4955 major.
1228 4845 1444 4960 Foeminoe
1482 4866 1582 4930 tunc
1610 4841 1834 4931 otiductus
1860 4864 1935 4923 am·
