<?xml version="1.0" encoding="UTF-8"?>
<!DOCTYPE html PUBLIC "-//W3C//DTD XHTML 1.0 Transitional//EN"
    "http://www.w3.org/TR/xhtml1/DTD/xhtml1-transitional.dtd">
<html xmlns="http://www.w3.org/1999/xhtml" xml:lang="en" lang="en">
 <head>
  <title>
</title>
<meta http-equiv="Content-Type" content="text/html;charset=utf-8" />
  <meta name='ocr-system' content='tesseract 3.04.00' />
  <meta name='ocr-capabilities' content='ocr_page ocr_carea ocr_par ocr_line ocrx_word'/>
</head>
<body>
  <div class='ocr_page' id='page_1' title='image "./zoographiarosso01pallgoog_0622.png"; bbox 0 0 4410 5910; ppageno 0'>
   <div class='ocr_carea' id='block_1_1' title="bbox 264 430 1242 535">
    <p class='ocr_par' dir='ltr' id='par_1_1' title="bbox 264 430 1242 535">
     <span class='ocr_line' id='line_1_1' title="bbox 264 430 1242 535; baseline -0.005 0"><span class='ocrx_word' id='word_1_1' title='bbox 264 430 355 535; x_wconf 76' lang='lat'><strong>358</strong></span> <span class='ocrx_word' id='word_1_2' title='bbox 1028 434 1177 494; x_wconf 52' lang='lat' dir='ltr'>a</span> <span class='ocrx_word' id='word_1_3' title='bbox 1232 454 1242 482; x_wconf 84' lang='lat'><strong><em>‘</em></strong></span> 
     </span>
    </p>
   </div>
   <div class='ocr_carea' id='block_1_2' title="bbox 251 610 1955 2576">
    <p class='ocr_par' dir='ltr' id='par_1_2' title="bbox 251 610 1955 2117">
     <span class='ocr_line' id='line_1_2' title="bbox 251 610 1950 752; baseline -0.002 -19"><span class='ocrx_word' id='word_1_4' title='bbox 251 610 346 733; x_wconf 26' lang='lat' dir='ltr'><strong>&#39;tera</strong></span> <span class='ocrx_word' id='word_1_5' title='bbox 386 640 510 728; x_wconf 89' lang='lat' dir='ltr'><strong>rostri</strong></span> <span class='ocrx_word' id='word_1_6' title='bbox 552 639 688 752; x_wconf 84' lang='lat' dir='ltr'><strong>albae.</strong></span> <span class='ocrx_word' id='word_1_7' title='bbox 758 636 896 752; x_wconf 82' lang='lat' dir='ltr'><strong>Caput</strong></span> <span class='ocrx_word' id='word_1_8' title='bbox 936 665 1059 749; x_wconf 88' lang='lat' dir='ltr'><strong>supra</strong></span> <span class='ocrx_word' id='word_1_9' title='bbox 1097 656 1236 720; x_wconf 84' lang='lat' dir='ltr'><strong>totum</strong></span> <span class='ocrx_word' id='word_1_10' title='bbox 1248 693 1263 734; x_wconf 88' lang='lat'><strong>,</strong></span> <span class='ocrx_word' id='word_1_11' title='bbox 1317 662 1447 752; x_wconf 82' lang='lat' dir='ltr'><strong>usque</strong></span> <span class='ocrx_word' id='word_1_12' title='bbox 1489 639 1542 722; x_wconf 89' lang='lat' dir='ltr'><strong>ad</strong></span> <span class='ocrx_word' id='word_1_13' title='bbox 1577 634 1761 725; x_wconf 89' lang='lat' dir='ltr'><strong>nucham</strong></span> <span class='ocrx_word' id='word_1_14' title='bbox 1799 663 1950 729; x_wconf 88' lang='lat' dir='ltr'><strong>atmm.</strong></span> 
     </span>
     <span class='ocr_line' id='line_1_3' title="bbox 257 786 1955 904; baseline -0.003 -19"><span class='ocrx_word' id='word_1_15' title='bbox 257 802 367 885; x_wconf 87' lang='lat' dir='ltr'><strong>Gula</strong></span> <span class='ocrx_word' id='word_1_16' title='bbox 396 817 509 897; x_wconf 89' lang='lat' dir='ltr'><strong>atra,</strong></span> <span class='ocrx_word' id='word_1_17' title='bbox 539 787 728 879; x_wconf 87' lang='lat' dir='ltr'><strong>limbulis</strong></span> <span class='ocrx_word' id='word_1_18' title='bbox 755 791 993 904; x_wconf 87' lang='lat' dir='ltr'><strong>plumarum</strong></span> <span class='ocrx_word' id='word_1_19' title='bbox 1017 786 1127 873; x_wconf 88' lang='lat' dir='ltr'><strong>albis</strong></span> <span class='ocrx_word' id='word_1_20' title='bbox 1155 813 1395 903; x_wconf 85' lang='lat' dir='ltr'><strong>squamata,</strong></span> <span class='ocrx_word' id='word_1_21' title='bbox 1425 821 1512 877; x_wconf 89' lang='lat' dir='ltr'><strong>non</strong></span> <span class='ocrx_word' id='word_1_22' title='bbox 1538 791 1748 878; x_wconf 86' lang='lat' dir='ltr'><strong>omnibus.</strong></span> <span class='ocrx_word' id='word_1_23' title='bbox 1798 798 1955 880; x_wconf 80' lang='lat' dir='ltr'><strong>Latere</strong></span> 
     </span>
     <span class='ocr_line' id='line_1_4' title="bbox 255 939 1950 1064; baseline -0.002 -31"><span class='ocrx_word' id='word_1_24' title='bbox 255 940 407 1064; x_wconf 68' lang='lat' dir='ltr'><strong>capitis</strong></span> <span class='ocrx_word' id='word_1_25' title='bbox 435 969 480 1031; x_wconf 93' lang='lat' dir='ltr'><strong>et</strong></span> <span class='ocrx_word' id='word_1_26' title='bbox 507 940 714 1057; x_wconf 89' lang='lat' dir='ltr'><strong>occiptis,</strong></span> <span class='ocrx_word' id='word_1_27' title='bbox 744 940 960 1054; x_wconf 78' lang='lat' dir='ltr'><strong>lateraque</strong></span> <span class='ocrx_word' id='word_1_28' title='bbox 989 939 1093 1025; x_wconf 89' lang='lat' dir='ltr'><strong>colli</strong></span> <span class='ocrx_word' id='word_1_29' title='bbox 1122 943 1249 1038; x_wconf 86' lang='lat' dir='ltr'><strong>alba,·</strong></span> <span class='ocrx_word' id='word_1_30' title='bbox 1278 943 1428 1060; x_wconf 87' lang='lat' dir='ltr'><strong>corpus</strong></span> <span class='ocrx_word' id='word_1_31' title='bbox 1455 946 1598 1030; x_wconf 85' lang='lat' dir='ltr'><strong>subtus</strong></span> <span class='ocrx_word' id='word_1_32' title='bbox 1624 943 1840 1059; x_wconf 89' lang='lat' dir='ltr'><strong>reliquum</strong></span> <span class='ocrx_word' id='word_1_33' title='bbox 1867 976 1950 1032; x_wconf 89' lang='lat' dir='ltr'><strong>sor·</strong></span> 
     </span>
     <span class='ocr_line' id='line_1_5' title="bbox 255 1095 1954 1209; baseline -0.005 -21"><span class='ocrx_word' id='word_1_34' title='bbox 255 1101 413 1189; x_wconf 89' lang='lat' dir='ltr'><strong>didius.</strong></span> <span class='ocrx_word' id='word_1_35' title='bbox 483 1101 665 1181; x_wconf 78' lang='lat' dir='ltr'><strong><em>Dorsum</em></strong></span> <span class='ocrx_word' id='word_1_36' title='bbox 690 1101 873 1178; x_wconf 80' lang='lat' dir='ltr'><strong>cineritio</strong></span> <span class='ocrx_word' id='word_1_37' title='bbox 895 1145 911 1158; x_wconf 95' lang='lat'><strong>·</strong></span> <span class='ocrx_word' id='word_1_38' title='bbox 929 1123 1089 1177; x_wconf 86' lang='lat' dir='ltr'><strong>conum.</strong></span> <span class='ocrx_word' id='word_1_39' title='bbox 1146 1097 1335 1205; x_wconf 82' lang='lat' dir='ltr'><strong>Remlges</strong></span> <span class='ocrx_word' id='word_1_40' title='bbox 1369 1095 1597 1209; x_wconf 85' lang='lat' dir='ltr'><strong>19.prima</strong></span> <span class='ocrx_word' id='word_1_41' title='bbox 1624 1095 1819 1192; x_wconf 83' lang='lat' dir='ltr'><strong>minuta;</strong></span> <span class='ocrx_word' id='word_1_42' title='bbox 1859 1126 1954 1182; x_wconf 58' lang='lat' dir='ltr'><strong>omn</strong></span> 
     </span>
     <span class='ocr_line' id='line_1_6' title="bbox 254 1243 1952 1363; baseline -0.004 -23"><span class='ocrx_word' id='word_1_43' title='bbox 254 1284 331 1342; x_wconf 85' lang='lat' dir='ltr'><strong>nes</strong></span> <span class='ocrx_word' id='word_1_44' title='bbox 358 1253 522 1351; x_wconf 81' lang='lat' dir='ltr'><strong>fuscae,</strong></span> <span class='ocrx_word' id='word_1_45' title='bbox 564 1268 739 1358; x_wconf 89' lang='lat' dir='ltr'><strong>utraque</strong></span> <span class='ocrx_word' id='word_1_46' title='bbox 767 1273 838 1327; x_wconf 90' lang='lat' dir='ltr'><strong>ora</strong></span> <span class='ocrx_word' id='word_1_47' title='bbox 866 1244 1013 1348; x_wconf 85' lang='lat' dir='ltr'><strong>albae,</strong></span> <span class='ocrx_word' id='word_1_48' title='bbox 1058 1244 1192 1360; x_wconf 88' lang='lat' dir='ltr'><strong>scapis</strong></span> <span class='ocrx_word' id='word_1_49' title='bbox 1220 1243 1362 1360; x_wconf 81' lang='lat' dir='ltr'><strong>nigris</strong></span> <span class='ocrx_word' id='word_1_50' title='bbox 1436 1251 1544 1331; x_wconf 82' lang='lat' dir='ltr'><strong>Aloe</strong></span> <span class='ocrx_word' id='word_1_51' title='bbox 1581 1246 1791 1361; x_wconf 87' lang='lat' dir='ltr'><strong>uropygio</strong></span> <span class='ocrx_word' id='word_1_52' title='bbox 1823 1249 1952 1363; x_wconf 90' lang='lat' dir='ltr'><strong>paulo</strong></span> 
     </span>
     <span class='ocr_line' id='line_1_7' title="bbox 252 1394 1955 1519; baseline -0.004 -28"><span class='ocrx_word' id='word_1_53' title='bbox 252 1403 479 1519; x_wconf 84' lang='lat' dir='ltr'><strong>longiores.</strong></span> <span class='ocrx_word' id='word_1_54' title='bbox 536 1398 684 1482; x_wconf 87' lang='lat' dir='ltr'><strong>Coudo</strong></span> <span class='ocrx_word' id='word_1_55' title='bbox 712 1396 1000 1511; x_wconf 87' lang='lat' dir='ltr'><strong>longiuscula,</strong></span> <span class='ocrx_word' id='word_1_56' title='bbox 1029 1394 1296 1482; x_wconf 87' lang='lat' dir='ltr'><strong>intermediis</strong></span> <span class='ocrx_word' id='word_1_57' title='bbox 1325 1421 1369 1481; x_wconf 94' lang='lat' dir='ltr'><strong>et</strong></span> <span class='ocrx_word' id='word_1_58' title='bbox 1397 1396 1557 1481; x_wconf 83' lang='lat' dir='ltr'><strong>extima</strong></span> <span class='ocrx_word' id='word_1_59' title='bbox 1584 1399 1712 1514; x_wconf 92' lang='lat' dir='ltr'><strong>paulo</strong></span> <span class='ocrx_word' id='word_1_60' title='bbox 1740 1398 1955 1484; x_wconf 84' lang='lat' dir='ltr'><strong>breviori·</strong></span> 
     </span>
     <span class='ocr_line' id='line_1_8' title="bbox 252 1528 1952 1661; baseline -0.005 -19"><span class='ocrx_word' id='word_1_61' title='bbox 252 1528 355 1642; x_wconf 72' lang='lat' dir='ltr'><strong>lius:</strong></span> <span class='ocrx_word' id='word_1_62' title='bbox 396 1558 600 1642; x_wconf 75' lang='lat' dir='ltr'><strong>Rectrices</strong></span> <span class='ocrx_word' id='word_1_63' title='bbox 628 1548 794 1636; x_wconf 91' lang='lat' dir='ltr'><strong>mediae</strong></span> <span class='ocrx_word' id='word_1_64' title='bbox 823 1547 1012 1661; x_wconf 84' lang='lat' dir='ltr'><strong>margine</strong></span> <span class='ocrx_word' id='word_1_65' title='bbox 1040 1578 1195 1646; x_wconf 90' lang='lat' dir='ltr'><strong>canae,</strong></span> <span class='ocrx_word' id='word_1_66' title='bbox 1224 1548 1418 1633; x_wconf 89' lang='lat' dir='ltr'><strong>laterales</strong></span> <span class='ocrx_word' id='word_1_67' title='bbox 1446 1578 1519 1635; x_wconf 88' lang='lat' dir='ltr'><strong>ora</strong></span> <span class='ocrx_word' id='word_1_68' title='bbox 1547 1548 1658 1634; x_wconf 90' lang='lat' dir='ltr'><strong>alba.</strong></span> <span class='ocrx_word' id='word_1_69' title='bbox 1710 1550 1843 1635; x_wconf 80' lang='lat' dir='ltr'><strong>Pedes</strong></span> <span class='ocrx_word' id='word_1_70' title='bbox 1872 1551 1952 1633; x_wconf 87' lang='lat' dir='ltr'><strong>fus·</strong></span> 
     </span>
     <span class='ocr_line' id='line_1_9' title="bbox 251 1698 1953 1815; baseline -0.005 -20"><span class='ocrx_word' id='word_1_71' title='bbox 251 1738 305 1795; x_wconf 88' lang='lat' dir='ltr'><strong>co</strong></span> <span class='ocrx_word' id='word_1_72' title='bbox 318 1706 696 1792; x_wconf 63' lang='lat' dir='ltr'><strong>«coerulescentes.</strong></span> <span class='ocrx_word' id='word_1_73' title='bbox 775 1703 941 1786; x_wconf 81' lang='lat' dir='ltr'><strong>Pondus</strong></span> <span class='ocrx_word' id='word_1_74' title='bbox 977 1700 1071 1815; x_wconf 87' lang='lat' dir='ltr'><strong>plus</strong></span> <span class='ocrx_word' id='word_1_75' title='bbox 1109 1698 1247 1784; x_wconf 92' lang='lat' dir='ltr'><strong>minus</strong></span> <span class='ocrx_word' id='word_1_76' title='bbox 1281 1699 1412 1785; x_wconf 89' lang='lat' dir='ltr'><strong>trium</strong></span> <span class='ocrx_word' id='word_1_77' title='bbox 1454 1702 1761 1785; x_wconf 88' lang='lat' dir='ltr'><strong>drachmarum.</strong></span> <span class='ocrx_word' id='word_1_78' title='bbox 1835 1703 1953 1788; x_wconf 84' lang='lat' dir='ltr'><strong>Anus</strong></span> 
     </span>
     <span class='ocr_line' id='line_1_10' title="bbox 251 1851 1952 1970; baseline -0.004 -24"><span class='ocrx_word' id='word_1_79' title='bbox 251 1858 301 1946; x_wconf 87' lang='lat' dir='ltr'><strong>in</strong></span> <span class='ocrx_word' id='word_1_80' title='bbox 340 1855 410 1943; x_wconf 86' lang='lat' dir='ltr'><strong>his</strong></span> <span class='ocrx_word' id='word_1_81' title='bbox 453 1856 631 1968; x_wconf 91' lang='lat' dir='ltr'><strong>aliisque</strong></span> <span class='ocrx_word' id='word_1_82' title='bbox 675 1851 787 1938; x_wconf 87' lang='lat' dir='ltr'><strong>Paris</strong></span> <span class='ocrx_word' id='word_1_83' title='bbox 829 1851 1031 1965; x_wconf 84' lang='lat' dir='ltr'><strong>singulari</strong></span> <span class='ocrx_word' id='word_1_84' title='bbox 1070 1851 1274 1938; x_wconf 82' lang='lat' dir='ltr'><strong>fasciculo</strong></span> <span class='ocrx_word' id='word_1_85' title='bbox 1309 1851 1592 1965; x_wconf 89' lang='lat' dir='ltr'><strong>plumularum</strong></span> <span class='ocrx_word' id='word_1_86' title='bbox 1626 1852 1952 1970; x_wconf 87' lang='lat' dir='ltr'><strong>lanuginearum</strong></span> 
     </span>
     <span class='ocr_line' id='line_1_11' title="bbox 253 2003 1737 2117; baseline -0.015 -20"><span class='ocrx_word' id='word_1_87' title='bbox 253 2009 466 2112; x_wconf 87' lang='lat' dir='ltr'><strong>inclusus,</strong></span> <span class='ocrx_word' id='word_1_88' title='bbox 496 2009 550 2093; x_wconf 85' lang='lat' dir='ltr'><strong>ad</strong></span> <span class='ocrx_word' id='word_1_89' title='bbox 580 2009 808 2092; x_wconf 89' lang='lat' dir='ltr'><strong>arcendum</strong></span> <span class='ocrx_word' id='word_1_90' title='bbox 836 2003 993 2117; x_wconf 78' lang='lat' dir='ltr'><strong>frigus.</strong></span> <span class='ocrx_word' id='word_1_91' title='bbox 1733 2030 1737 2037; x_wconf 93' lang='lat'><strong>·</strong></span> 
     </span>
    </p>

    <p class='ocr_par' dir='ltr' id='par_1_3' title="bbox 254 2154 1951 2576">
     <span class='ocr_line' id='line_1_12' title="bbox 391 2154 1951 2271; baseline -0.001 -26"><span class='ocrx_word' id='word_1_92' title='bbox 391 2163 436 2245; x_wconf 90' lang='lat' dir='ltr'><strong><em>N</em></strong></span> <span class='ocrx_word' id='word_1_93' title='bbox 445 2182 514 2245; x_wconf 84' lang='lat' dir='ltr'><strong>ot.</strong></span> <span class='ocrx_word' id='word_1_94' title='bbox 555 2165 687 2271; x_wconf 88' lang='lat' dir='ltr'><strong>Hujus</strong></span> <span class='ocrx_word' id='word_1_95' title='bbox 715 2154 895 2241; x_wconf 81' lang='lat' dir='ltr'><strong>varietas</strong></span> <span class='ocrx_word' id='word_1_96' title='bbox 923 2185 1014 2240; x_wconf 89' lang='lat' dir='ltr'><strong>esse</strong></span> <span class='ocrx_word' id='word_1_97' title='bbox 1042 2154 1235 2260; x_wconf 86' lang='lat' dir='ltr'><strong>videtur,</strong></span> <span class='ocrx_word' id='word_1_98' title='bbox 1277 2183 1428 2269; x_wconf 89' lang='lat' dir='ltr'><strong>quaem</strong></span> <span class='ocrx_word' id='word_1_99' title='bbox 1468 2157 1739 2244; x_wconf 70' lang='lat' dir='ltr'><strong>emelinus</strong></span> <span class='ocrx_word' id='word_1_100' title='bbox 1765 2188 1852 2244; x_wconf 87' lang='lat' dir='ltr'><strong>sen.</strong></span> <span class='ocrx_word' id='word_1_101' title='bbox 1879 2187 1951 2245; x_wconf 89' lang='lat' dir='ltr'><strong>no·</strong></span> 
     </span>
     <span class='ocr_line' id='line_1_13' title="bbox 254 2304 1950 2414; baseline -0.005 -11"><span class='ocrx_word' id='word_1_102' title='bbox 254 2313 396 2404; x_wconf 79' lang='lat' dir='ltr'><strong>mine:</strong></span> <span class='ocrx_word' id='word_1_103' title='bbox 446 2309 543 2396; x_wconf 86' lang='lat' dir='ltr'><strong>Pari</strong></span> <span class='ocrx_word' id='word_1_104' title='bbox 570 2308 731 2395; x_wconf 90' lang='lat' dir='ltr'><strong>cinerei</strong></span> <span class='ocrx_word' id='word_1_105' title='bbox 759 2305 968 2414; x_wconf 89' lang='lat' dir='ltr'><strong>lenensis,</strong></span> <span class='ocrx_word' id='word_1_106' title='bbox 1013 2306 1259 2401; x_wconf 83' lang='lat' dir='ltr'><strong>adnotavit,</strong></span> <span class='ocrx_word' id='word_1_107' title='bbox 1300 2305 1392 2391; x_wconf 90' lang='lat' dir='ltr'><strong>solo</strong></span> <span class='ocrx_word' id='word_1_108' title='bbox 1424 2304 1599 2394; x_wconf 86' lang='lat' dir='ltr'><strong>verticis</strong></span> <span class='ocrx_word' id='word_1_109' title='bbox 1631 2309 1777 2395; x_wconf 87' lang='lat' dir='ltr'><strong>colore</strong></span> <span class='ocrx_word' id='word_1_110' title='bbox 1806 2312 1950 2414; x_wconf 82' lang='lat' dir='ltr'><strong>fusco,</strong></span> 
     </span>
     <span class='ocr_line' id='line_1_14' title="bbox 255 2456 1951 2576; baseline -0.002 -26"><span class='ocrx_word' id='word_1_111' title='bbox 255 2470 347 2558; x_wconf 87' lang='lat' dir='ltr'><strong>imo</strong></span> <span class='ocrx_word' id='word_1_112' title='bbox 380 2466 469 2550; x_wconf 87' lang='lat' dir='ltr'><strong>fere</strong></span> <span class='ocrx_word' id='word_1_113' title='bbox 503 2461 816 2563; x_wconf 84' lang='lat' dir='ltr'><strong>cinerescente,</strong></span> <span class='ocrx_word' id='word_1_114' title='bbox 858 2490 945 2547; x_wconf 90' lang='lat' dir='ltr'><strong>non</strong></span> <span class='ocrx_word' id='word_1_115' title='bbox 980 2480 1098 2556; x_wconf 92' lang='lat' dir='ltr'><strong>atro,</strong></span> <span class='ocrx_word' id='word_1_116' title='bbox 1140 2456 1367 2552; x_wconf 84' lang='lat' dir='ltr'><strong>diversum.</strong></span> <span class='ocrx_word' id='word_1_117' title='bbox 1437 2457 1536 2541; x_wconf 92' lang='lat' dir='ltr'><strong>Nisi</strong></span> <span class='ocrx_word' id='word_1_118' title='bbox 1564 2458 1673 2542; x_wconf 80' lang='lat' dir='ltr'><strong>forte</strong></span> <span class='ocrx_word' id='word_1_119' title='bbox 1703 2459 1760 2544; x_wconf 90' lang='lat' dir='ltr'><strong>sit</strong></span> <span class='ocrx_word' id='word_1_120' title='bbox 1787 2461 1951 2576; x_wconf 81' lang='lat' dir='ltr'><strong>species</strong></span> 
     </span>
    </p>
   </div>
   <div class='ocr_carea' id='block_1_3' title="bbox 256 2606 1950 2874">
    <p class='ocr_par' dir='ltr' id='par_1_4' title="bbox 256 2606 1950 2874">
     <span class='ocr_line' id='line_1_15' title="bbox 256 2606 1950 2746; baseline -0.002 -46"><span class='ocrx_word' id='word_1_121' title='bbox 256 2616 370 2707; x_wconf 85' lang='lat' dir='ltr'><strong>mihi</strong></span> <span class='ocrx_word' id='word_1_122' title='bbox 396 2613 627 2746; x_wconf 78' lang='lat' dir='ltr'><strong>incognita.</strong></span> <span class='ocrx_word' id='word_1_123' title='bbox 690 2614 761 2695; x_wconf 91' lang='lat' dir='ltr'><strong>Ad</strong></span> <span class='ocrx_word' id='word_1_124' title='bbox 787 2616 947 2693; x_wconf 91' lang='lat' dir='ltr'><strong>Lenam</strong></span> <span class='ocrx_word' id='word_1_125' title='bbox 974 2607 1082 2694; x_wconf 88' lang='lat' dir='ltr'><strong>haec</strong></span> <span class='ocrx_word' id='word_1_126' title='bbox 1110 2606 1299 2723; x_wconf 89' lang='lat' dir='ltr'><strong>hyemat.</strong></span> <span class='ocrx_word' id='word_1_127' title='bbox 1372 2614 1546 2698; x_wconf 88' lang='lat' dir='ltr'><strong>leonem</strong></span> <span class='ocrx_word' id='word_1_128' title='bbox 1573 2641 1599 2697; x_wconf 91' lang='lat' dir='ltr'><strong>a</strong></span> <span class='ocrx_word' id='word_1_129' title='bbox 1623 2613 1682 2697; x_wconf 92' lang='lat' dir='ltr'><strong>D.</strong></span> <span class='ocrx_word' id='word_1_130' title='bbox 1710 2614 1770 2700; x_wconf 92' lang='lat' dir='ltr'><strong>D.</strong></span> <span class='ocrx_word' id='word_1_131' title='bbox 1807 2615 1950 2704; x_wconf 76' lang='lat' dir='ltr'><strong>Merck</strong></span> 
     </span>
     <span class='ocr_line' id='line_1_16' title="bbox 257 2764 1185 2874; baseline -0.009 -17"><span class='ocrx_word' id='word_1_132' title='bbox 257 2789 446 2859; x_wconf 77' lang='lat' dir='ltr'><strong>curatam</strong></span> <span class='ocrx_word' id='word_1_133' title='bbox 473 2766 597 2850; x_wconf 80' lang='lat' dir='ltr'><strong>addo.</strong></span> <span class='ocrx_word' id='word_1_134' title='bbox 659 2764 787 2849; x_wconf 83' lang='lat' dir='ltr'><strong>TAB.</strong></span> <span class='ocrx_word' id='word_1_135' title='bbox 815 2764 1012 2848; x_wconf 85' lang='lat' dir='ltr'><strong>XXXIV.</strong></span> <span class='ocrx_word' id='word_1_136' title='bbox 1030 2764 1123 2874; x_wconf 75' lang='lat' dir='ltr'><strong>fig.</strong></span> <span class='ocrx_word' id='word_1_137' title='bbox 1147 2796 1185 2849; x_wconf 85' lang='lat' dir='ltr'><strong>a.</strong></span> 
     </span>
    </p>
   </div>
   <div class='ocr_carea' id='block_1_4' title="bbox 616 3134 1593 3323">
    <p class='ocr_par' dir='ltr' id='par_1_5' title="bbox 616 3134 1593 3323">
     <span class='ocr_line' id='line_1_17' title="bbox 616 3134 1593 3323; baseline 0 -53"><span class='ocrx_word' id='word_1_138' title='bbox 616 3166 830 3323; x_wconf 78' lang='lat' dir='ltr'><strong>xxtu.</strong></span> <span class='ocrx_word' id='word_1_139' title='bbox 907 3134 1593 3299; x_wconf 80' lang='lat' dir='ltr'><strong>co&#39;uustnau.</strong></span> 
     </span>
    </p>
   </div>
   <div class='ocr_carea' id='block_1_5' title="bbox 253 3374 1949 5011">
    <p class='ocr_par' dir='ltr' id='par_1_6' title="bbox 253 3374 1949 5011">
     <span class='ocr_line' id='line_1_18' title="bbox 398 3374 1946 3496; baseline 0.001 -29"><span class='ocrx_word' id='word_1_140' title='bbox 398 3380 587 3469; x_wconf 90' lang='lat' dir='ltr'><strong>Dubium</strong></span> <span class='ocrx_word' id='word_1_141' title='bbox 615 3378 839 3492; x_wconf 77' lang='lat' dir='ltr'><strong>hucusque·</strong></span> <span class='ocrx_word' id='word_1_142' title='bbox 856 3379 972 3492; x_wconf 71' lang='lat' dir='ltr'><strong>“apud</strong></span> <span class='ocrx_word' id='word_1_143' title='bbox 1001 3374 1305 3492; x_wconf 89' lang='lat' dir='ltr'><strong>Omithologos</strong></span> <span class='ocrx_word' id='word_1_144' title='bbox 1327 3380 1411 3466; x_wconf 86' lang='lat' dir='ltr'><strong>fuit</strong></span> <span class='ocrx_word' id='word_1_145' title='bbox 1438 3409 1620 3496; x_wconf 87' lang='lat' dir='ltr'><strong>quonam</strong></span> <span class='ocrx_word' id='word_1_146' title='bbox 1646 3378 1808 3466; x_wconf 82' lang='lat' dir='ltr'><strong>Ordine</strong></span> <span class='ocrx_word' id='word_1_147' title='bbox 1836 3402 1946 3468; x_wconf 81' lang='lat' dir='ltr'><strong>natu·</strong></span> 
     </span>
     <span class='ocr_line' id='line_1_19' title="bbox 258 3528 1949 3649; baseline -0.001 -28"><span class='ocrx_word' id='word_1_148' title='bbox 258 3540 341 3622; x_wconf 77' lang='lat' dir='ltr'><strong>roll</strong></span> <span class='ocrx_word' id='word_1_149' title='bbox 367 3536 639 3620; x_wconf 89' lang='lat' dir='ltr'><strong>collocandae</strong></span> <span class='ocrx_word' id='word_1_150' title='bbox 667 3551 808 3615; x_wconf 79' lang='lat' dir='ltr'><strong>essent</strong></span> <span class='ocrx_word' id='word_1_151' title='bbox 847 3528 1103 3614; x_wconf 72' lang='lat' dir='ltr'><strong>Colmnboel</strong></span> <span class='ocrx_word' id='word_1_152' title='bbox 1151 3534 1229 3614; x_wconf 79' lang='lat' dir='ltr'><strong>fla</strong></span> <span class='ocrx_word' id='word_1_153' title='bbox 1238 3539 1257 3649; x_wconf 83' lang='lat' dir='ltr'>j</span> <span class='ocrx_word' id='word_1_154' title='bbox 1269 3564 1332 3618; x_wconf 90' lang='lat' dir='ltr'><strong>us</strong></span> <span class='ocrx_word' id='word_1_155' title='bbox 1372 3531 1534 3617; x_wconf 84' lang='lat' dir='ltr'><strong>medias</strong></span> <span class='ocrx_word' id='word_1_156' title='bbox 1560 3532 1671 3617; x_wconf 83' lang='lat' dir='ltr'><strong>inter</strong></span> <span class='ocrx_word' id='word_1_157' title='bbox 1713 3534 1949 3621; x_wconf 85' lang='lat' dir='ltr'><strong>Gallinace-</strong></span> 
     </span>
     <span class='ocr_line' id='line_1_20' title="bbox 256 3679 1948 3798; baseline -0.001 -27"><span class='ocrx_word' id='word_1_158' title='bbox 256 3714 331 3771; x_wconf 89' lang='lat' dir='ltr'><strong>um</strong></span> <span class='ocrx_word' id='word_1_159' title='bbox 371 3686 579 3772; x_wconf 89' lang='lat' dir='ltr'><strong>Ordinem</strong></span> <span class='ocrx_word' id='word_1_160' title='bbox 618 3708 662 3770; x_wconf 88' lang='lat' dir='ltr'><strong>et</strong></span> <span class='ocrx_word' id='word_1_161' title='bbox 702 3711 799 3765; x_wconf 86' lang='lat' dir='ltr'><strong>aves</strong></span> <span class='ocrx_word' id='word_1_162' title='bbox 839 3679 1110 3766; x_wconf 80' lang='lat' dir='ltr'><strong>tenuirostres</strong></span> <span class='ocrx_word' id='word_1_163' title='bbox 1150 3683 1456 3785; x_wconf 60' lang='lat' dir='ltr'><strong>collocaveram</strong></span> <span class='ocrx_word' id='word_1_164' title='bbox 1525 3687 1576 3766; x_wconf 87' lang='lat' dir='ltr'><strong><em>M</em></strong></span> <span class='ocrx_word' id='word_1_165' title='bbox 1582 3694 1723 3769; x_wconf 77' lang='lat' dir='ltr'><strong>oerin</strong></span> <span class='ocrx_word' id='word_1_166' title='bbox 1727 3695 1789 3798; x_wconf 73' lang='lat' dir='ltr'><strong>gi</strong></span> <span class='ocrx_word' id='word_1_167' title='bbox 1802 3718 1859 3771; x_wconf 89' lang='lat' dir='ltr'><strong>us</strong></span> <span class='ocrx_word' id='word_1_168' title='bbox 1897 3687 1948 3770; x_wconf 92' lang='lat' dir='ltr'><strong>ad</strong></span> 
     </span>
     <span class='ocr_line' id='line_1_21' title="bbox 255 3831 1946 3938; baseline -0.003 -15"><span class='ocrx_word' id='word_1_169' title='bbox 255 3837 445 3923; x_wconf 89' lang='lat' dir='ltr'><strong>Gallinas</strong></span> <span class='ocrx_word' id='word_1_170' title='bbox 481 3837 637 3935; x_wconf 82' lang='lat' dir='ltr'><strong>traxit3</strong></span> <span class='ocrx_word' id='word_1_171' title='bbox 689 3840 728 3919; x_wconf 89' lang='grc' dir='ltr'><em>Κ</em></span> <span class='ocrx_word' id='word_1_172' title='bbox 736 3844 752 3920; x_wconf 91' lang='lat' dir='ltr'><strong>l</strong></span> <span class='ocrx_word' id='word_1_173' title='bbox 762 3841 929 3918; x_wconf 83' lang='lat' dir='ltr'><strong>einins</strong></span> <span class='ocrx_word' id='word_1_174' title='bbox 965 3831 1076 3914; x_wconf 84' lang='lat' dir='ltr'><strong>inter</strong></span> <span class='ocrx_word' id='word_1_175' title='bbox 1112 3832 1404 3919; x_wconf 88' lang='lat' dir='ltr'><strong>Gallinaceum</strong></span> <span class='ocrx_word' id='word_1_176' title='bbox 1440 3835 1634 3920; x_wconf 91' lang='lat' dir='ltr'><strong>ordinem</strong></span> <span class='ocrx_word' id='word_1_177' title='bbox 1661 3837 1763 3938; x_wconf 81' lang='lat' dir='ltr'><strong>vel,</strong></span> <span class='ocrx_word' id='word_1_178' title='bbox 1809 3861 1857 3922; x_wconf 92' lang='lat' dir='ltr'><strong>ut</strong></span> <span class='ocrx_word' id='word_1_179' title='bbox 1883 3835 1946 3920; x_wconf 91' lang='lat' dir='ltr'><strong>illi</strong></span> 
     </span>
     <span class='ocr_line' id='line_1_22' title="bbox 255 3981 1945 4103; baseline -0.001 -32"><span class='ocrx_word' id='word_1_180' title='bbox 255 4009 342 4091; x_wconf 87' lang='lat' dir='ltr'><strong>est,</strong></span> <span class='ocrx_word' id='word_1_181' title='bbox 385 3994 550 4092; x_wconf 89' lang='lat' dir='ltr'><strong>Genus,</strong></span> <span class='ocrx_word' id='word_1_182' title='bbox 595 4011 639 4072; x_wconf 89' lang='lat' dir='ltr'><strong>et</strong></span> <span class='ocrx_word' id='word_1_183' title='bbox 674 3993 804 4073; x_wconf 89' lang='lat' dir='ltr'><strong>Grues</strong></span> <span class='ocrx_word' id='word_1_184' title='bbox 844 3981 1016 4083; x_wconf 79' lang='lat' dir='ltr'><strong>statuit3</strong></span> <span class='ocrx_word' id='word_1_185' title='bbox 1075 3988 1373 4071; x_wconf 80' lang='lat' dir='ltr'><strong>Brissonius</strong></span> <span class='ocrx_word' id='word_1_186' title='bbox 1413 3986 1615 4103; x_wconf 81' lang='lat' dir='ltr'><strong>singulari</strong></span> <span class='ocrx_word' id='word_1_187' title='bbox 1656 3987 1812 4073; x_wconf 88' lang='lat' dir='ltr'><strong>ordine</strong></span> <span class='ocrx_word' id='word_1_188' title='bbox 1855 4011 1945 4073; x_wconf 88' lang='lat' dir='ltr'><strong>ante</strong></span> 
     </span>
     <span class='ocr_line' id='line_1_23' title="bbox 257 4134 1946 4253; baseline -0.001 -31"><span class='ocrx_word' id='word_1_189' title='bbox 257 4138 446 4223; x_wconf 83' lang='lat' dir='ltr'><strong>Gallinas</strong></span> <span class='ocrx_word' id='word_1_190' title='bbox 460 4177 472 4240; x_wconf 76' lang='lat'><em>3</em></span> <span class='ocrx_word' id='word_1_191' title='bbox 508 4134 760 4225; x_wconf 81' lang='lat' dir='ltr'><strong>Linnoeus</strong></span> <span class='ocrx_word' id='word_1_192' title='bbox 787 4137 888 4220; x_wconf 89' lang='lat' dir='ltr'><strong>inde</strong></span> <span class='ocrx_word' id='word_1_193' title='bbox 917 4167 941 4219; x_wconf 90' lang='lat' dir='ltr'><strong>a</strong></span> <span class='ocrx_word' id='word_1_194' title='bbox 968 4134 1118 4250; x_wconf 87' lang='lat' dir='ltr'><strong>primis</strong></span> <span class='ocrx_word' id='word_1_195' title='bbox 1146 4137 1384 4249; x_wconf 87' lang='lat' dir='ltr'><strong>systematis</strong></span> <span class='ocrx_word' id='word_1_196' title='bbox 1411 4136 1706 4235; x_wconf 89' lang='lat' dir='ltr'><strong>incunabulis,</strong></span> <span class='ocrx_word' id='word_1_197' title='bbox 1735 4170 1870 4253; x_wconf 88' lang='lat' dir='ltr'><strong>usque</strong></span> <span class='ocrx_word' id='word_1_198' title='bbox 1897 4139 1946 4221; x_wconf 92' lang='lat' dir='ltr'><strong>ad</strong></span> 
     </span>
     <span class='ocr_line' id='line_1_24' title="bbox 256 4287 1949 4402; baseline 0 -29"><span class='ocrx_word' id='word_1_199' title='bbox 256 4288 466 4375; x_wconf 89' lang='lat' dir='ltr'><strong>ultimam.</strong></span> <span class='ocrx_word' id='word_1_200' title='bbox 481 4314 661 4376; x_wconf 88' lang='lat' dir='ltr'><strong>aetatem</strong></span> <span class='ocrx_word' id='word_1_201' title='bbox 687 4290 801 4373; x_wconf 91' lang='lat' dir='ltr'><strong>inter</strong></span> <span class='ocrx_word' id='word_1_202' title='bbox 827 4288 1018 4373; x_wconf 83' lang='lat' dir='ltr'><strong>Passeres</strong></span> <span class='ocrx_word' id='word_1_203' title='bbox 1058 4309 1334 4374; x_wconf 86' lang='lat' dir='ltr'><strong>recensuerat.</strong></span> <span class='ocrx_word' id='word_1_204' title='bbox 1373 4287 1490 4372; x_wconf 89' lang='lat' dir='ltr'><strong>Mihi</strong></span> <span class='ocrx_word' id='word_1_205' title='bbox 1515 4318 1681 4402; x_wconf 84' lang='lat' dir='ltr'><strong>sempor</strong></span> <span class='ocrx_word' id='word_1_206' title='bbox 1719 4289 1862 4376; x_wconf 86' lang='lat' dir='ltr'><strong>visum</strong></span> <span class='ocrx_word' id='word_1_207' title='bbox 1888 4311 1949 4373; x_wconf 80' lang='lat' dir='ltr'><strong>est</strong></span> 
     </span>
     <span class='ocr_line' id='line_1_25' title="bbox 253 4438 1942 4556; baseline -0.001 -31"><span class='ocrx_word' id='word_1_208' title='bbox 253 4444 310 4527; x_wconf 81' lang='lat' dir='ltr'><strong>ad</strong></span> <span class='ocrx_word' id='word_1_209' title='bbox 350 4441 628 4556; x_wconf 87' lang='lat' dir='ltr'><strong>posteriorum</strong></span> <span class='ocrx_word' id='word_1_210' title='bbox 680 4439 891 4527; x_wconf 87' lang='lat' dir='ltr'><strong>Ordinum</strong></span> <span class='ocrx_word' id='word_1_211' title='bbox 929 4441 1095 4525; x_wconf 90' lang='lat' dir='ltr'><strong>nullum</strong></span> <span class='ocrx_word' id='word_1_212' title='bbox 1150 4440 1377 4526; x_wconf 91' lang='lat' dir='ltr'><strong>Columbas</strong></span> <span class='ocrx_word' id='word_1_213' title='bbox 1424 4438 1674 4524; x_wconf 85' lang='lat' dir='ltr'><strong>naturaliter</strong></span> <span class='ocrx_word' id='word_1_214' title='bbox 1714 4442 1942 4552; x_wconf 88' lang='lat' dir='ltr'><strong>pertinere.</strong></span> 
     </span>
     <span class='ocr_line' id='line_1_26' title="bbox 253 4587 1945 4708; baseline -0.004 -30"><span class='ocrx_word' id='word_1_215' title='bbox 253 4593 363 4678; x_wconf 85' lang='lat' dir='ltr'><strong>Cum</strong></span> <span class='ocrx_word' id='word_1_216' title='bbox 403 4596 652 4680; x_wconf 77' lang='lat' dir='ltr'><strong>Gazztnocets</strong></span> <span class='ocrx_word' id='word_1_217' title='bbox 679 4592 837 4708; x_wconf 89' lang='lat' dir='ltr'><strong>quippe</strong></span> <span class='ocrx_word' id='word_1_218' title='bbox 864 4589 1124 4677; x_wconf 85' lang='lat' dir='ltr'><strong>oonveniunt</strong></span> <span class='ocrx_word' id='word_1_219' title='bbox 1150 4592 1242 4676; x_wconf 87' lang='lat' dir='ltr'><strong>solo</strong></span> <span class='ocrx_word' id='word_1_220' title='bbox 1269 4601 1381 4675; x_wconf 74' lang='lat' dir='ltr'><strong>victu</strong></span> <span class='ocrx_word' id='word_1_221' title='bbox 1409 4612 1454 4675; x_wconf 88' lang='lat' dir='ltr'><strong>et</strong></span> <span class='ocrx_word' id='word_1_222' title='bbox 1488 4588 1659 4703; x_wconf 78' lang='lat' dir='ltr'><strong>prolobo</strong></span> <span class='ocrx_word' id='word_1_223' title='bbox 1689 4587 1945 4702; x_wconf 64' lang='lat' dir='ltr'><strong>insigniores</strong></span> 
     </span>
     <span class='ocr_line' id='line_1_27' title="bbox 253 4738 1944 4859; baseline -0.004 -33"><span class='ocrx_word' id='word_1_224' title='bbox 253 4740 377 4827; x_wconf 82' lang='lat' dir='ltr'><strong>rostri</strong></span> <span class='ocrx_word' id='word_1_225' title='bbox 396 4765 439 4826; x_wconf 91' lang='lat' dir='ltr'><strong>et</strong></span> <span class='ocrx_word' id='word_1_226' title='bbox 466 4746 700 4858; x_wconf 84' lang='lat' dir='ltr'><strong>tegumenti</strong></span> <span class='ocrx_word' id='word_1_227' title='bbox 727 4747 882 4859; x_wconf 88' lang='lat' dir='ltr'><strong>pedum</strong></span> <span class='ocrx_word' id='word_1_228' title='bbox 912 4743 1150 4827; x_wconf 89' lang='lat' dir='ltr'><strong>similitudo</strong></span> <span class='ocrx_word' id='word_1_229' title='bbox 1178 4738 1570 4856; x_wconf 87' lang='lat' dir='ltr'><strong>imperfectissima,</strong></span> <span class='ocrx_word' id='word_1_230' title='bbox 1601 4740 1793 4853; x_wconf 83' lang='lat' dir='ltr'><strong>corporis</strong></span> <span class='ocrx_word' id='word_1_231' title='bbox 1818 4740 1944 4824; x_wconf 83' lang='lat' dir='ltr'><strong>nulla.</strong></span> 
     </span>
     <span class='ocr_line' id='line_1_28' title="bbox 253 4889 1942 5011; baseline -0.004 -33"><span class='ocrx_word' id='word_1_232' title='bbox 253 4890 470 4982; x_wconf 77' lang='lat' dir='ltr'><strong>Differam</strong></span> <span class='ocrx_word' id='word_1_233' title='bbox 497 4899 551 4983; x_wconf 88' lang='lat' dir='ltr'><strong>ab</strong></span> <span class='ocrx_word' id='word_1_234' title='bbox 578 4894 632 4982; x_wconf 85' lang='lat' dir='ltr'><strong>iis</strong></span> <span class='ocrx_word' id='word_1_235' title='bbox 660 4895 846 4984; x_wconf 81' lang='lat' dir='ltr'><strong>maxime</strong></span> <span class='ocrx_word' id='word_1_236' title='bbox 890 4916 1062 5001; x_wconf 67' lang='lat' dir='ltr'><strong>nomo,</strong></span> <span class='ocrx_word' id='word_1_237' title='bbox 1082 4895 1248 5011; x_wconf 74' lang='lat' dir='ltr'><strong>‚quum</strong></span> <span class='ocrx_word' id='word_1_238' title='bbox 1273 4892 1361 4979; x_wconf 83' lang='lat' dir='ltr'><strong>sint</strong></span> <span class='ocrx_word' id='word_1_239' title='bbox 1400 4917 1706 5007; x_wconf 83' lang='lat' dir='ltr'><strong>monogamse,</strong></span> <span class='ocrx_word' id='word_1_240' title='bbox 1762 4889 1942 4977; x_wconf 79' lang='lat' dir='ltr'><strong>alterna·</strong></span> 
     </span>
    </p>
   </div>
   <div class='ocr_carea' id='block_1_6' title="bbox 0 0 2210 5910">
    <p class='ocr_par' dir='ltr' id='par_1_7' title="bbox 0 0 2210 5910">
     <span class='ocr_line' id='line_1_29' title="bbox 0 0 2210 5910; baseline 0 0"><span class='ocrx_word' id='word_1_241' title='bbox 0 0 2210 5910; x_wconf 95' lang='lat' dir='ltr'><strong> </strong></span> 
     </span>
    </p>
   </div>
  </div>
 </body>
</html>
