4410 5910
309 372 398 471 178
1078 400 1227 453 ..τι

300 610 524 701 quaerunt;
567 596 680 679 unde
718 597 801 684 rari
838 597 887 686 in
922 599 1072 693 Rossia
1089 642 1092 647 ·
1109 620 1334 687 occurrunt
1368 620 1413 684 et
1440 596 1551 683 intra
1580 597 1760 687 Sibiriae
1781 595 1995 693 terminos

297 741 422 853 plane
450 744 622 851 desunt,
651 748 727 834 ubi
754 774 899 839 tamen
928 752 1092 854 Citilli,
1121 752 1287 869 aliaque
1317 750 1570 838 animalcula
1594 749 1750 870 hyeme
1778 755 1991 876 torpentia

296 889 342 978 in
370 895 600 983 admodum
635 904 826 990 boreales
864 905 967 992 situs
1002 930 1306 1023 processerunt.

608 1166 616 1179 .
725 1092 1315 1208 ma.MYOXUS
1404 1090 1566 1183 Gna

431 1231 493 1313 Μ.
523 1233 653 1314 cauda
683 1232 831 1319 villosa
860 1231 1142 1336 subdisticha,
1173 1264 1347 1350 corpore
1376 1266 1504 1340 ωηο,
1542 1238 1684 1321 subtus
1711 1236 1825 1325 albo.

514 1387 697 1497 Myoxus
727 1387 838 1491 Glis,
882 1391 1054 1476 Gmelin.
1084 1408 1189 1499 syst.
1219 1391 1309 1472 Lan.
1338 1393 1373 1472 Ι.
1402 1421 1443 1504 p.
1480 1402 1569 1477 155.
1609 1421 1672 1508 sp.
1708 1426 1744 1475 ι.
1782 1391 1989 1483 δοήτεόσ.

566 1546 776 1624 mammal.
804 1544 878 1625 IV.
914 1544 1000 1628 tab.
1032 1556 1125 1628 225.

509 1687 677 1775 Sciurus
706 1690 818 1794 Glis,
847 1697 937 1778 Lin.
965 1715 1072 1806 syst.
1101 1697 1197 1776 XII.
1227 1698 1262 1776 I.
1291 1728 1332 1810 p.
1363 1709 1429 1804 87.
1458 1727 1521 1810 sp.
1550 1709 1591 1783 8.

508 1842 622 1945 Glis,
653 1847 844 1944 Erimon,
872 1849 1018 1965 quadr.
1048 1881 1090 1962 p.
1126 1862 1215 1935 113.
1245 1879 1307 1963 sp.
1344 1883 1378 1930 ι.

306 2062 310 2071 .
446 2100 449 2105 ¹
505 1992 627 2091 Lon,
656 1998 827 2108 Bnffon.
855 2003 950 2087 hut.
978 2021 1064 2119 nar.
1093 2003 1207 2083 VIII.
1237 2033 1279 2116 p.
1315 2014 1403 2088 158.
1432 2002 1519 2087 tab.
1551 2017 1616 2107 24

502 2148 582 2230 Fat
609 2147 814 2262 Squirrel,
844 2154 1040 2239 Pennant.
1069 2185 1163 2264 syn.
1194 2186 1234 2268 p.
1265 2166 1358 2259 269.
1386 2185 1449 2269 sp.
1481 2167 1574 2239 216.

323 2322 349 2411 ᾗ
413 2299 588 2387 Rossice
617 2306 671 2391 ad
698 2305 885 2418 Volgam·
906 2311 1165 2425 Semlaenaja
1191 2307 1337 2426 Bjellra
1378 2304 1567 2415 (Sciurus
1606 2302 1838 2422 terrestris3
1879 2307 1980 2399 item

444 2455 679 2543 Polusclrolrt
710 2459 932 2546 Slavonice
960 2461 1086 2546 Puclr.

390 2610 556 2698 Tataris
584 2617 754 2717 Katane·
813 2615 1060 2730 Georgianis
1085 2619 1235 2701 Granni.

302 2818 321 2829 ··
423 2764 568 2852 ·Datur
594 2765 707 2853 circa
720 2768 902 2880 Volgum
930 2767 1116 2853 mediam
1144 2791 1188 2852 et
1214 2765 1459 2853 inferiorem
1487 2764 1533 2851 in
1563 2764 1767 2851 arboretis
1796 2789 1842 2852 et
1868 2764 1975 2853 inter

280 2946 402 3033 rupes
432 2920 485 3002 ad
515 2923 750 3023 Samaram,
781 2923 854 3005 scd
884 2921 1035 3023 rarius,
1065 2951 1143 3007 nec
1173 2918 1278 3005 alibi
1308 2952 1331 3003 a
1359 2950 1428 3004 me
1458 2922 1713 3004 observatus.
1773 2925 1823 3003 In
1851 2918 1975 3037 sylvis

278 3072 455 3165 Caucasi
481 3095 525 3157 et
546 3071 738 3163 maxime
768 3071 814 3157 in
829 3072 1011 3186 Georgia
1032 3075 1298 3188 frequentem
1321 3069 1562 3156 observavit
1589 3072 1974 3158 Gr‘r‘ldenstaedt.

273 3229 323 3315 In
342 3223 532 3339 ‚Taurica
561 3222 827 3335 Chersoneso
854 3222 964 3309 mihi
995 3255 1085 3331 ‘non
1120 3222 1321 3311 innotuit.
1393 3221 1567 3307 Scandit
1609 3222 1801 3338 egregie,
1848 3219 1973 3309 etiam

273 3376 318 3462 in
346 3378 474 3495 plano
504 3378 677 3494 supino,
706 3377 806 3462 satis
833 3377 1064 3491 laevigato,
1105 3380 1311 3490 saltatque
1347 3375 1510 3461 sciureo
1541 3404 1670 3461 more.
1730 3379 1874 3463 Scatet
1900 3405 1969 3493 pu·

266 3530 432 3619 licibus.
493 3538 541 3617 In
573 3531 804 3617 nemorosis
835 3529 938 3644 ripis
958 3530 1121 3644 Volgae
1151 3527 1322 3614 relictos
1362 3527 1555 3613 Picarum
1581 3526 1704 3612 nidos
1731 3557 1884 3647 saepae
1910 3526 1966 3613 in·

268 3680 458 3786 habitat,
488 3683 557 3766 vel
587 3685 783 3768 arborum
809 3704 977 3768 truncos
1005 3712 1149 3782 cavos,
1180 3711 1374 3766 saxorum
1403 3679 1548 3782 rimas,
1579 3680 1733 3765 nidoce
1756 3677 1964 3799 congestis

270 3833 408 3937 foliis,
450 3834 539 3919 imo
568 3835 614 3920 in
643 3833 806 3948 campis
833 3837 1018 3921 desertos
1047 3833 1311 3922 Cricetorum
1345 3832 1576 3919 cuniculos.
1646 3839 1696 3916 In
1736 3832 1849 3917 cella
1877 3833 1964 3947 gla-

264 3985 361 4069 ciali
393 3952 560 4069 tanturn
587 4016 663 4102 per
697 4008 867 4071 noctem
897 3987 1127 4102 repositus,
1154 3987 1201 4072 in
1223 3989 1396 4101 globum
1419 3986 1667 4071 convolutus
1689 3982 1962 4103 obtorpescit,
1997 4056 2000 4061 .

260 4137 419 4253 vixque
456 4137 689 4243 excitatus,
734 4169 819 4224 non
854 4169 1027 4258 compos
1064 4139 1149 4240 sui,
1192 4138 1299 4226 semi
1335 4134 1488 4224 clausis
1525 4136 1680 4237 oculis,
1721 4141 1956 4225 tremebun-

257 4290 334 4373 dus
363 4290 438 4374 diu
475 4294 607 4376 sedet.
1046 4406 1050 4413 Ι

396 4445 569 4529 Descr.
627 4443 998 4561 Elegantissimum
1027 4445 1329 4534 animalculum
1360 4470 1404 4531 et
1435 4448 1658 4549 mundum,
1689 4440 1832 4559 capite
1868 4469 1955 4558 pro·

253 4598 384 4682 ducto
411 4619 454 4681 et
483 4594 592 4681 facie
630 4597 770 4712 potius
813 4598 990 4682 murina.
1060 4604 1273 4713 Mystaces
1314 4599 1479 4713 magni,
1537 4601 1623 4682 fere
1664 4594 1953 4711 bipollicares,

251 4748 385 4862 nigri,
423 4748 470 4833 in
499 4750 599 4836 rivo
642 4779 808 4867 semper
836 4773 1068 4837 antrorsum
1097 4750 1241 4870 sparsi.
1311 4756 1450 4838 Nasus
1504 4754 1689 4836 obtusus.
1760 4750 1953 4835 remeas

251 4899 541 5017 supraciliares
567 4903 723 5019 hipilea
735 4964 750 5005 ,
778 4902 993 5022 paroticae
1020 4904 1208 5022 tripiles,
1238 4905 1394 5023 gulsris
1414 4903 1505 5023 pilo
1527 4903 1654 4993 unico
1683 4902 1797 4991 albo.
1833 4901 1951 4999 ,Dar
