4410 5910
259 464 314 553 38
1025 468 1173 517 Ε

258 667 431 755 attoniti
456 690 587 769 stant,¹
613 689 662 751 nt
685 695 826 781 neque
852 690 977 784 capta
1009 665 1057 755 in
1096 663 1251 781 iisdem
1290 662 1426 749 loreis
1454 661 1654 749 animalia
1693 664 1956 770 adoriantur,

255 850 335 906 nec
364 841 609 904 venatorem
636 817 900 933 impugnent.
959 817 1117 932 Captos
1144 817 1329 930 juniores
1355 814 1510 917 habui,
1552 814 1799 931 quistatim
1826 847 1959 903 manu

256 970 429 1056 tractari
455 991 666 1086 poterant.
723 967 948 1055 Occiditur
975 967 1101 1051 variis
1128 968 1289 1073 modis,
1316 966 1427 1053 bolis
1440 965 1687 1084 praesertim
1698 966 1955 1083 butyraceis,

249 1123 475 1208 sublimato
516 1118 723 1205 mercurio
751 1116 942 1232 repletis,
986 1117 1055 1204 vel
1083 1118 1372 1205 farciminibus
1399 1117 1521 1203 lactis
1563 1117 1633 1203 vel
1672 1116 1809 1203 carnis
1844 1145 1958 1202 nuce

254 1272 425 1358 vomica
452 1272 648 1371 infectae,
679 1300 786 1382 quae
813 1268 1003 1355 involuta
1030 1269 1138 1386 pelli
1165 1268 1359 1354 animalis
1386 1291 1432 1353 et
1456 1269 1621 1356 defossa
1647 1267 1957 1385 priusfarmen·

256 1447 347 1508 tare
375 1422 446 1509 vel
473 1424 627 1533 butyro
655 1420 782 1504 assari
810 1424 992 1505 debent..
1040 1420 1302 1535 Singularem
1318 1419 1565 1534 praesertim
1579 1422 1752 1503 modum
1764 1416 1958 1505 Tschuk·

254 1570 389 1659 tschis
429 1570 648 1673 usitatum,
677 1573 723 1653 in
751 1570 906 1687 spiram
946 1570 1194 1655 convolutas
1221 1569 1372 1684 ligulas
1400 1593 1554 1666 acutas,
1582 1570 1717 1684 glacie
1746 1571 1956 1657 obductas

256 1748 303 1810 et
329 1722 429 1809 dein
457 1725 610 1834 butyro
637 1723 858 1807 obvolutas
885 1721 931 1805 in
958 1723 1056 1837 palo
1084 1723 1346 1835 exponendi,
1375 1749 1482 1835 quae
1521 1717 1634 1803 intra
1670 1720 1960 1805 ventriculum

256 1874 348 1991 lupi
376 1874 549 1959 vinculo
576 1873 739 1957 solutae
769 1870 1035 1986 explicantur
1062 1860 1108 1953 et
1133 1870 1359 1956 ventriculi
1386 1874 1517 1956 latera
1542 1901 1639 1955 cum
1667 1901 1831 1956 summo
1863 1869 1955 1957 ani·

256 2022 381 2106 maln
408 2024 554 2108 dolore
581 2021 835 2107 intrinsecus
863 2022 1044 2124 fodiunt,
1074 2043 1121 2104 ut
1148 2024 1291 2135 fugere
1318 2045 1519 2138 nequeat,
1549 2020 1753 2137 descripsi
1778 2020 1825 2107 in
1854 2022 1955 2108 Col·

258 2172 446 2260 lectione
471 2175 587 2260 Neue
612 2175 743 2259 Nord.
772 2176 1006 2285 Beytraege
1032 2181 1115 2259 ool.
1143 2180 1217 2258 ult.
1247 2173 1423 2259 Cosacci
1444 2173 1489 2257 in
1504 2171 1799 2260 Camtschatca
1821 2171 1958 2259 etiam

258 2320 411 2409 hamos
438 2326 608 2423 ferreos,
636 2354 761 2410 carne
788 2324 998 2409 inescatos
1026 2323 1139 2410 circa
1166 2324 1314 2409 domus
1342 2323 1468 2409 altius
1495 2326 1771 2441 suspendunt,
1800 2323 1958 2439 quibua

261 2474 510 2560 assultantes
548 2476 639 2592 lupi
666 2506 791 2592 saepe
819 2506 844 2561 e
872 2474 1048 2559 maxilla
1074 2473 1263 2589 suspensi
1291 2475 1523 2590 capiuntur.
1594 2475 1832 2560 Secundum
1868 2504 1957 2563 me·

262 2622 452 2708 dicinam
491 2625 832 2729 Calmuccorum,
872 2626 1019 2740 lingua
1051 2624 1161 2741 Lupi
1194 2627 1365 2738 prodest
1405 2628 1458 2710 ad
1496 2623 1847 2710 inflammationes
1875 2624 1956 2711 lin·

262 2802 384 2887 guae.
413 2826 465 2844 -
504 2775 576 2861 Ad
615 2776 866 2861 orientalem
893 2779 1112 2862 Oceanum
1153 2778 1299 2860 ardore
1339 2778 1518 2892 praedae
1546 2784 1670 2890 saepe
1698 2774 1743 2859 in
1771 2774 1957 2889 glaciem

263 2923 478 3010 littoribus
505 2927 720 3041 adpulsam
748 2949 987 3028 excurrunt,
1017 2955 1196 3042 cumque
1225 2957 1274 3012 ea
1301 2926 1498 3043 procellis
1521 2924 1701 3041 abrepti,
1729 2924 1776 3011 in
1798 2925 1958 3013 insulas

262 3099 309 3160 et
337 3074 472 3191 ipsam
506 3074 750 3162 Amerinam
787 3078 1099 3161 transfemntur.
1157 3077 1227 3163 Sic
1261 3077 1306 3163 in
1336 3077 1491 3165 Curilis
1517 3076 1664 3161 insulis
1693 3076 1835 3178 rarius,
1864 3099 1956 3161 tnn-

265 3255 392 3340 quam
420 3228 632 3339 transfuga
657 3225 820 3311 transit.
897 3227 1130 3339 Quotannis
1156 3228 1287 3314 etiam
1312 3259 1389 3345 per
1417 3226 1596 3343 glaciem
1623 3226 1722 3312 freti
1747 3223 1956 3312 Tschukt·

265 3374 401 3461 schici
427 3376 473 3462 in
500 3376 745 3463 Amerinam
771 3374 944 3463 horsum
978 3406 1145 3465 vorsum
1172 3379 1367 3493 migrant.

374 3680 491 3763 Not.
548 3681 738 3765 Varistae
763 3701 854 3764 tota
880 3688 1013 3793 nigra,
1043 3679 1089 3765 in
1116 3680 1268 3768 Bossia
1282 3679 1501 3783 rarissima,
1532 3680 1645 3767 circa
1667 3686 1845 3763 Kamam
1856 3678 1899 3763 ll.
1914 3700 1960 3763 et

269 3825 316 3911 in
343 3826 520 3927 Sibiria,
560 3829 807 3945 praesertim
843 3831 1043 3917 orientali
1079 3834 1293 3946 frequens,
1334 3862 1463 3944 quam
1490 3831 1653 3947 saepius
1681 3830 1823 3915 viram
1849 3826 1959 3927 vidi,

270 3998 316 4063 et
343 3968 545 4093 Mosquae
573 3978 619 4064 in
645 3978 993 4097 theriotrophaeo
1020 3981 1148 4069 villae
1172 3985 1365 4067 Kusaova
1385 3983 1582 4069 Nobiliss.
1609 3983 1783 4065 Comitis
1807 3980 1960 4069 Scha-

267 4132 479 4239 rematef
497 4128 705 4243 integram
731 4131 956 4237 familiam,
998 4164 1023 4217 e
1052 4141 1171 4250 Lupo
1198 4134 1320 4250 nigro
1346 4154 1393 4218 et
1415 4162 1519 4218 cane
1540 4151 1807 4246 prognatam,
1836 4134 1960 4245 Lupo

271 4277 539 4385 similiorem,
581 4282 627 4368 in
667 4290 784 4395 cujus
811 4314 986 4370 numero
1028 4285 1157 4369 etiam
1186 4309 1331 4370 natum
1358 4282 1440 4368 fuit
1465 4281 1702 4395 Hybridum
1729 4309 1785 4365 ex
1811 4280 1961 4367 ubido

270 4428 383 4545 Lupi
408 4432 565 4536 colore,
595 4436 752 4523 lerocia
777 4436 932 4538 simile,
961 4438 1193 4551 sedffigura
1216 4435 1351 4547 magis
1373 4433 1537 4520 canina.
1552 4433 1675 4521 conf.
1701 4434 1816 4517 Neue
1825 4432 1960 4517 Nord-

271 4583 416 4693 Beytr.
455 4592 538 4669 ool.
577 4590 630 4671 V.
668 4621 712 4703 p.
754 4603 846 4676 255.
916 4590 1047 4673 Iridss
1085 4587 1131 4671 in
1172 4587 1301 4703 Lupis
1337 4585 1466 4700 nigris
1501 4580 1961 4669 cinereo-albicantes.

272 4731 376 4817 Vidi
404 4734 564 4849 pellem
591 4738 700 4852 Lupi
728 4738 839 4851 nigri
868 4737 1065 4841 lrcutiae,
1095 4762 1231 4824 tractu
1258 4741 1401 4824 subtus
1428 4737 1529 4822 inde
1556 4768 1581 4821 a
1608 4736 1706 4849 gula
1731 4728 1961 4844 longitudi-

271 4882 360 4983 csli
388 4884 498 4993 albo,
542 4886 647 4975 villo
673 4890 772 4976 laxo
799 4891 845 4975 in
873 4894 1009 4995 dors0,
1051 4915 1264 4979 caeterum
1290 4888 1422 4987 tenui,
1462 4910 1509 4973 et
1535 4890 1668 4975 cauda
1694 4886 1782 4971 iere
1809 4878 1961 4997 depili.
