4410 5910
680 605 1526 761 Avus,

803 994 1398 1043 w

254 1327 452 1475 Avium
480 1374 622 1462 classis
650 1387 793 1472 aerea,
820 1370 899 1457 alis
929 1369 982 1454 ad
1008 1364 1240 1491 longinqua
1266 1367 1422 1455 itinera
1442 1367 1665 1479 instructa,
1695 1400 1946 1481 nontamen

257 1533 415 1645 ubique
444 1549 647 1613 terrarum
676 1527 845 1611 easdem
881 1520 1043 1638 species
1078 1521 1203 1604 offert
1230 1541 1274 1603 et
1300 1520 1346 1604 in
1374 1523 1510 1608 varias
1550 1530 1689 1639 quoad
1731 1530 1844 1615 vitae
1873 1559 1943 1644 ge·

254 1715 332 1769 nus
361 1679 542 1765 familias
569 1677 764 1763 discedit.
833 1680 934 1757 Non
975 1673 1111 1758 solum
1151 1670 1267 1755 enim
1308 1674 1554 1759 naturaliter
1580 1676 1628 1762 in
1653 1691 1871 1794 aquaticos
1898 1702 1944 1769 et

252 1854 457 1922 terrestres
484 1851 771 1943 segregantur,
808 1807 852 1908 et
877 1822 1027 1900 harum
1050 1821 1204 1910 itidem
1232 1825 1452 1929 aquaticae
1476 1828 1526 1907 ln
1552 1838 1745 1914 natatiles
1768 1852 1812 1913 et
1826 1838 1943 1942 gral-

252 1984 450 2063 latorios3
479 1969 554 2051 sed
583 1963 712 2049 etiam
741 1964 947 2078 plurimae
975 1969 1149 2062 locales,
1177 1966 1461 2080 peculiaribus
1489 1976 1751 2089 regionibus,
1779 1977 1942 2064 situbus

252 2146 298 2219 et
325 2118 489 2225 climati
518 2117 735 2215 addictae,
762 2137 935 2199 naturae
964 2116 1145 2226 quadam
1172 2115 1288 2229 lege,
1328 2151 1413 2205 non
1442 2154 1606 2241 semper
1633 2129 1789 2243 pabulo
1816 2158 1941 2246 pecu·

250 2270 353 2361 liari
380 2268 426 2353 in
454 2271 550 2355 loco
578 2267 723 2352 nativo
751 2266 988 2350 retinentur
995 2326 1010 2364 ,
1051 2268 1165 2379 quod
1207 2270 1261 2352 de
1301 2282 1468 2386 tropicis
1508 2261 1756 2390 praesertim
1792 2262 1941 2365 avibus¹

252 2423 388 2522 valet,
418 2449 555 2532 neque
584 2418 695 2502 inter
722 2439 924 2502 nostrates
955 2419 1151 2532 exempla
1179 2422 1344 2508 desunt.
1401 2426 1559 2511 Contra
1586 2459 1610 2512 e
1639 2437 1753 2514 Zona
1773 2451 1941 2543 sepoen.

250 2570 519 2671 trionaliore‚
561 2568 636 2652 ubi
676 2567 903 2653 viciniores
944 2569 1045 2682 polo
1084 2591 1212 2655 terras
1251 2571 1402 2686 hyems
1431 2577 1556 2690 longa
1583 2579 1739 2692 premit
1767 2603 1811 2665 et
1837 2602 1941 2667 tunc

134 2722 136 2729 ’
249 2723 349 2808 r'rire
378 2723 462 2805 alta
489 2741 602 2804 tecta
631 2741 725 2803 sunt
753 2719 914 2821 omnia,
944 2719 1150 2836 plurimae
1178 2724 1343 2838 fugiunt
1371 2736 1634 2840 migratorioe
1660 2760 1778 2830 aves,
1811 2762 1942 2847 penu·

253 2874 318 2958 ria
344 2870 594 2989 praesertim
623 2869 757 2955 victus
784 2888 951 2986 pressae
985 2892 1033 2953 et
1072 2872 1265 2983 regiones
1305 2902 1511 2990 quaerunt
1548 2901 1821 2996 temperatas,
1863 2874 1941 2971 nbi

250 3055 337 3110 non
365 3024 476 3137 riget
503 3046 635 3127 terra,
666 3048 797 3137 aquae
825 3052 911 3107 non
939 3021 1226 3132 congelantur.
1282 3029 1490 3140 Adeoque
1521 3029 1616 3112 aliis
1645 3062 1735 3114 mos
1763 3054 1827 3115 est
1848 3062 1940 3117 ver·

251 3208 319 3263 sus
347 3199 530 3260 austrum
557 3172 711 3258 sensim
739 3174 978 3275 discedere,
1007 3171 1255 3285 praesertim
1283 3179 1535 3260 terrestribus
1561 3200 1605 3260 et
1626 3181 1802 3273 Grallis5
1829 3180 1940 3265 aliae

249 3358 347 3416 cum
374 3327 559 3412 maxime
587 3332 799 3423 natatiles,
827 3325 952 3435 longe
994 3351 1118 3437 saepe
1159 3344 1270 3407 trans
1307 3324 1437 3407 maria
1462 3349 1667 3440 quaenmt
1706 3327 1853 3415 brevia
1894 3347 1940 3413 et

247 3477 573 3603 Archipelagus'
586 3474 832 3593 praesertim
860 3471 1103 3574 Americae,
1157 3499 1212 3556 ex
1239 3474 1572 3562 occidentalibus
1599 3507 1775 3591 magnae
1803 3477 1941 3564 conti·

252 3628 394 3714 nentis
423 3658 565 3712 versus
592 3658 788 3712 occasum
817 3623 1044 3726 aestivum,
1084 3651 1139 3705 ex
1174 3623 1448 3708 orientalibus
1476 3629 1604 3713 Asiae
1632 3630 1773 3715 ver'sus
1802 3629 1940 3713 orien-

251 3803 342 3866 tem
369 3778 608 3893 hybernum
634 3781 719 3864 lata
748 3777 879 3862 maria
905 3775 1184 3890 trajicientes,
1228 3797 1472 3863 nontamen
1511 3790 1573 3864 ita
1613 3791 1656 3866 in
1695 3791 1939 3880 universum,

249 3955 298 4016 ut
325 3960 410 4015 non
437 3931 646 4045 quaedam
672 3930 718 4014 in
746 3926 1113 4045 temperatioribus
1140 3927 1383 4042 sporadicae
1411 3929 1593 4035 resides,
1629 3932 1759 4015 etiam
1789 3951 1943 4014 eustra-

255 4082 384 4168 liores
413 4111 586 4196 magnos
613 4083 726 4167 lacus
754 4103 800 4166 et
834 4082 1032 4196 paludes,
1076 4081 1171 4193 plus
1211 4077 1349 4162 minus
1382 4080 1547 4166 dissitas
1573 4104 1788 4194 quaerant.
1857 4085 1942 4162 Ha·

256 4262 433 4346 rumque
463 4233 797 4346 migratoriarum
825 4254 981 4316 turmas
1009 4252 1239 4345 sequuntur
1274 4231 1448 4344 sparsim
1481 4234 1708 4347 Praepetes.
1778 4232 1940 4317 Omnes

254 4412 356 4469 vero
382 4407 575 4501 tempore
602 4384 773 4468 venerei
801 4381 963 4471 stimuli
988 4383 1227 4496 ingruente,
1269 4381 1589 4496 prolificationis
1625 4383 1757 4494 gratia
1787 4385 1841 4466 ad
1869 4412 1941 4465 an·

252 4534 393 4649 tiques
419 4540 540 4622 sedes
568 4535 750 4621 fideliter
776 4557 1051 4621 revertuntur.
1106 4533 1245 4618 Unica
1274 4533 1615 4649 Septentrionem
1637 4533 1811 4617 visitans
1833 4529 1937 4633 avis,

255 4687 485 4774 Diomedes
498 4690 710 4787 Albana,
737 4685 939 4802 hyemem
953 4685 1224 4771 antarcticam
1249 4684 1427 4799 lugiens,
1451 4714 1527 4800 per
1539 4685 1789 4768 immensum
1804 4685 1942 4768 Ocea·

253 4868 356 4927 num
385 4842 440 4926 ad
466 4862 606 4928 nostre
633 4839 798 4944 littora,
841 4839 998 4927 aestiva
1026 4835 1282 4923 abundantia
1308 4836 1490 4951 piscium
1518 4837 1851 4939 anadromorum,
1881 4830 1941 4916 al·

1450 5003 1503 5078 36
1711 5006 1714 5011 ’
