4410 5910
275 404 361 494 188
1037 411 1186 469 Ε

266 618 404 736 sylva,
434 645 518 705 non
546 616 772 734 processit,
800 617 889 734 :nec
916 615 966 702 iu
991 612 1258 716 subarcticis,
1301 638 1437 726 neque
1480 607 1525 695 in
1569 604 1867 699 Camtscbatca
1895 632 1958 697 re·

265 769 441 885 peritur.
513 769 733 859 cuniculis
761 772 836 854 sub
864 793 975 855 terra
1002 770 1180 882 degunt3
1208 766 1256 850 in
1284 764 1434 879 sylvis,
1472 763 1723 878 quibusdam
1751 762 1859 849 locis
1885 792 1959 849 nu·

264 921 560 1022 merosissimi,
602 944 786 1007 attamen
814 925 983 1008 arbores
1010 922 1215 1006 scandunt
1242 917 1528 1003 solertissime.
1601 913 1814 1009 Cuniculi,
1827 915 1957 1030 longo

263 1075 424 1178 canali,
462 1077 516 1158 ad
553 1077 888 1191 promptuarium
917 1076 1162 1179 dilatatum,
1206 1072 1308 1156 dein
1336 1070 1479 1155 canali
1506 1067 1756 1155 continuato
1800 1069 1856 1152 ad
1895 1065 1961 1153 ni-

265 1229 365 1312 dum
408 1228 582 1311 ducunt.
653 1226 873 1341 Colligunt
906 1225 1154 1345 praesertim
1189 1224 1395 1310 Cembrae
1430 1221 1626 1325 nucleos,
1668 1219 1770 1305 dein
1805 1222 1959 1313 baccas

260 1382 412 1464 varias.
470 1381 654 1464 sacculis
681 1381 929 1465 buccalibus
958 1381 1101 1464 affines
1129 1375 1311 1462 cricetis.
1366 1372 1524 1460 Jacutis
1552 1396 1602 1459 et
1617 1370 1803 1459 Ostiacis
1831 1370 1959 1459 assati

261 1529 309 1614 in
339 1529 506 1615 deliciis
533 1553 646 1634 sunt,
678 1533 790 1615 unde
811 1555 1007 1649 capturae
1035 1561 1181 1616 eorum
1202 1559 1374 1644 operam
1394 1549 1568 1629 navant,
1599 1523 1756 1642 partim
1783 1522 1956 1641 decipu-

261 1681 324 1767 las
353 1685 594 1786 statuendo,
624 1681 789 1798 sagittis
816 1683 978 1769 obtusis
1004 1683 1274 1798 impetendo,
1301 1702 1349 1766 ut
1375 1678 1542 1764 Sciuros
1564 1674 1735 1780 Varios,
1765 1676 1837 1762 rel
1865 1698 1958 1763 tau·

168 1820 172 1829 ⁵
260 1835 363 1920 dem
390 1832 519 1918 oestri
548 1857 739 1949 tempore
769 1865 918 1921 vocem
947 1835 1175 1938 imitando,
1219 1863 1301 1949 ope
1340 1830 1517 1916 corticis.
1538 1827 1742 1929 betelini,
1785 1859 1870 1943 qua
1897 1827 1952 1913 al·

261 1984 366 2072 lecti
394 2014 529 2070 mares
558 1977 685 2071 facile
711 1985 873 2099 baculis
902 1991 1145 2072 caeduntur.
1215 1988 1347 2072 Pelles
1382 1983 1486 2069 licet
1520 2004 1670 2067 tenues
1697 2003 1747 2066 et
1769 2010 1955 2099 paupere

260 2137 388 2240 villo,
419 2159 675 2222 consuuntur
701 2160 846 2224 tamen
874 2139 926 2224 in
949 2159 1087 2224 vestes
1116 2137 1307 2255 apprime
1335 2135 1510 2251 lepidas.
1577 2136 1618 2218 V
1614 2166 1671 2222 ox
1699 2132 1958 2241 acutissima,

259 2289 456 2377 stridens.
524 2289 685 2373 Inclusi'
708 2321 924 2407 nimquam
951 2290 1212 2392 demantur,
1245 2320 1414 2405 semper
1447 2290 1677 2373 mordaces.

399 2444 570 2527 Descr.
629 2440 880 2554 Magnitudo
908 2441 1083 2528 circiter
1106 2444 1253 2544 Gliris,
1282 2440 1370 2526 imo
1400 2436 1551 2526 habitu
1580 2437 1734 2525 melius
1756 2442 1811 2526 ad
1833 2446 1953 2554 Myo-

263 2622 340 2680 xos
375 2594 590 2678 referetur.
663 2596 800 2709 Caput
839 2595 1004 2680 sciureo
1044 2593 1289 2706 oblongius,
1334 2615 1467 2677 rostro
1507 2592 1680 2698 conico,
1722 2594 1949 2708 producto;

260 2773 363 2830 naso
391 2742 521 2827 etiam
548 2745 660 2829 ultra
688 2747 836 2831 dentes
863 2745 1177 2861 proeminente,
1207 2748 1451 2847 rotundato,
1481 2749 1760 2861 pubescente,
1786 2767 1950 2833 tantum

263 2918 384 3009 septo
411 2897 539 2980 nudo.
595 2897 754 3008 Angoli
778 2897 864 2982 oris
890 2897 1115 3012 pilosiores
1141 2897 1287 3000 labiis,
1316 2928 1393 3011 pro
1423 2898 1541 2982 aditu
1568 2904 1829 2984 sacculorum
1854 2902 1951 2985 buc-

261 3048 439 3150 calium,
468 3076 600 3162 usque
622 3050 676 3131 ad
697 3047 910 3163 parotides
931 3072 1214 3134 extensorum.
1271 3054 1424 3134 Dentes
1441 3049 1647 3164 primores
1660 3050 1801 3166 plani,
1832 3047 1949 3154 lutei,

259 3198 536 3284 wbtilissime
578 3197 730 3285 striati.
800 3203 1016 3313 Mystoccs
1051 3217 1090 3288 5.
1126 3200 1323 3287 ordinum
1350 3201 1507 3305 exiles,
1552 3201 1694 3318 capite
1719 3201 1948 3307 breviores,

258 3353 300 3437 n}
307 3350 386 3465 gri.
448 3353 611 3437 Setulae
638 3386 677 3434 a.
714 3382 835 3468 supra
875 3351 1062 3439 anticum
1098 3352 1301 3439 canthum
1328 3354 1465 3453 oculi,
1504 3351 1553 3440 in
1579 3353 1725 3442 buccis
1766 3355 1948 3471 gemina,

260 3507 335 3589 sub
365 3503 470 3617 gula·
490 3500 570 3617 pili
600 3521 641 3608 4.
669 3504 826 3608 teneri,
865 3505 968 3592 albi.
1036 3509 1152 3593 Pilum
1179 3507 1348 3622 longior
1374 3507 1423 3591 in
1450 3506 1593 3593 medio
1621 3504 1791 3593 brachii
1819 3509 1949 3595 latero

258 3658 425 3772 postico
452 3677 497 3738 et
524 3657 609 3740 duo
639 3655 772 3741 albidi
800 3686 942 3742 versus
978 3687 1165 3775 carpum.
1236 3661 1359 3746 Oculi
1394 3657 1635 3767 majusculi,
1676 3657 1946 3775 nigricante&

258 3809 554 3921 Palpebrorum
582 3806 742 3892 limbus
764 3810 902 3894 fisscus
920 3813 1068 3896 nudus.
1111 3813 1504 3928 Perioplrtltolmr'am
1523 3811 1637 3926 plica
1650 3812 1819 3913 brevis,
1845 3842 1946 3899 mar·

258 3959 358 4074 g'ne
387 3956 684 4071 cartilaginea·
694 3961 822 4047 fusco.
878 3965 1102 4048 Auriculoe
1129 3967 1298 4068 breves,
1329 3967 1822 4080 oblongo-rotundatas,
1856 3970 1944 4052 bre·

256 4111 431 4197 sissimo
460 4112 620 4198 vellere
647 4113 845 4219 vestitae,
880 4114 999 4200 intus
1021 4114 1160 4231 capiti·
1182 4117 1446 4221 concolores,
1485 4119 1671 4204 exterius
1698 4116 1843 4206 antice
1870 4121 1944 4205 lm·

257 4293 354 4362 eae,
383 4265 544 4379 postice
573 4265 762 4364 albidum
792 4290 953 4351 meatus
978 4267 1087 4352 auris
1106 4288 1226 4383 trago
1248 4292 1369 4354 arcte·
1382 4270 1628 4357 connivens.
1685 4274 1849 4390 Corpus
1874 4302 1943 4387 cy·

254 4414 540 4519 lindraceum,
579 4420 753 4504 anubim
775 4418 948 4535 posticis
975 4417 1256 4541 longioribus:
1292 4431 1462 4539 palmae
1490 4424 1820 4540 tetradaotylae,
1856 4454 1945 4511 rer·

255 4599 354 4655 ruca
381 4567 577 4686 pollicari
606 4574 776 4669 obtusa,
813 4600 965 4656 cornea
993 4572 1164 4658 lamella
1191 4575 1440 4677 incrustata,
1477 4587 1652 4692 pmcne·
1672 4582 1942 4694 peaoadacty·

253 4722 334 4808 lae.
393 4725 522 4808 Voloe
549 4723 707 4838 pedum
735 4725 894 4826 nudae,
935 4724 1080 4826 albae,
1114 4727 1280 4841 palmae
1308 4730 1432 4815 callis
1467 4746 1507 4816 5³
1542 4758 1726 4844 magns,
1767 4756 1940 4848 quarum

250 4896 338 4965 tres
366 4876 420 4962 ad
447 4876 604 4992 agaae
627 4876 934 4982 coalescentes5
961 4874 1132 4994 plastae
1159 4879 1283 4968 callis
1308 4900 1348 4990 4.
1378 4885 1434 4970 ad
1461 4885 1633 5002 digitos.
1688 4888 1832 5004 [ιμ’
1855 4912 1947 4975 οι·
