4410 5910
408 408 518 557 ΧΠ,

406 746 499 852 'jam
534 767 697 862 magna
733 758 962 857 exparte
998 740 1312 841 innotuerant,
1350 734 1631 824 Linnneus
1664 735 1888 843 judiciose
1916 735 2097 828 ex'illis

340 906 346 916 ’
404 915 661 1037 selegerat,
714 911 978 1030 praesertim
1014 911 1168 1029 quoad
1203 907 1531 1028 quadrupeda,
1585 935 1695 997 aves
1731 926 1780 996 et
1814 907 2013 1016 insecta,
2048 912 2099 1000 in

405 1086 506 1177 illis
550 1083 773 1197 Rujum,
826 1086 875 1173 in
918 1084 991 1173 his
1037 1080 1584 1173 Swemmerdaminm
1628 1101 1816 1170 secutus
1854 1098 1903 1170 et
1937 1086 2099 1174 seriem

403 1258 677 1376 complevit.
785 1261 830 1346 A
866 1256 1185 1345 recentissimis
1229 1282 1444 1379 generum
1482 1254 1899 1343 subdivissionibus
1932 1273 1981 1343 et
2014 1284 2100 1346 no·

405 1431 579 1521 ¹minum
616 1431 1004 1550 multiplicatione
1041 1429 1198 1518 inutili
1234 1456 1412 1547 semper
1447 1429 1687 1534 abhorrui,
1750 1455 1886 1547 quam
1922 1445 2100 1520 tantum

408 1576 613 1694 novandi
650 1604 823 1721 cupido
851 1622 899 1691 et
921 1602 1201 1692 clarescendi
1237 1602 1426 1724 prurigo
1463 1618 1735 1723 genuerunt.
1762 1650 1828 1670 -—-
1862 1601 2099 1692 Rarionrm

406 1778 686 1898 specierum,
722 1777 986 1896 praesertim
1021 1803 1141 1895 quae
1179 1777 1328 1864 minus
1364 1778 1481 1862 bene
1517 1775 1846 1863 determinatae
1883 1792 1989 1863 sunt
2024 1776 2098 1863 vi·

405 1974 506 2056 sae,
562 1967 611 2037 et
646 1976 868 2037 novarum
913 1950 1115 2037 onmium
1161 1948 1491 2067 descriptiones
1529 1966 1762 2036 accuratas
1798 1964 1846 2037 et
1880 1949 2100 2056 omnium,¹

403 2141 627 2242 quantum
661 2123 822 2240 potui,
861 2150 1025 2227 mores,
1062 2122 1354 2222 instinctum,
1390 2149 1577 2225 amores,
1613 2121 1855 2239 pabulum,
1892 2119 2097 2211 venandi

405 2297 615 2401 modum,
670 2295 959 2417 migrationes
995 2313 1264 2412 prosecutus
1300 2322 1413 2385 sum.
1509 2294 1801 2383 Anatomicas
1837 2294 2098 2384 adnotatio·

405 2494 486 2557 nes
522 2467 696 2577 adieci,
732 2469 997 2584 praesertim
1034 2495 1147 2586 quas
1184 2469 1232 2556 in
1268 2467 1502 2557 Zootomia
1538 2466 1784 2554 desiderari
1819 2466 1955 2580 vidi3
2000 2467 2092 2555 dis·

402 2640 532 2729 secui
569 2642 690 2727 enim
726 2640 821 2727 iere
858 2641 1009 2729 omnia
1044 2641 1361 2759 quadrupedia
1398 2660 1445 2729 et
1482 2668 1617 2743 aves,
1654 2667 1773 2758 quae
1791 2667 1884 2727 sors
1905 2639 2092 2729 obtulit.

403 2814 456 2902 ln
492 2812 819 2936 Omithologia
855 2840 1040 2932 quoque
1076 2815 1407 2903 interaneorum
1443 2812 1717 2901 notabiliora
1754 2830 1977 2903 momenta
2001 2839 2093 2904 non

401 2987 611 3110 neglexi.
738 2983 901 3105 Neque
946 2987 1113 3075 inutile
1157 2988 1335 3075 credidi
1380 2988 1584 3104 pondera
1627 3004 1676 3074 et
1719 3014 1972 3092 mensuras,
2042 2987 2094 3073 in

402 3160 745 3282 vulgatioribus
780 3160 1105 3280 generaliores,
1159 3160 1208 3247 in
1244 3160 1353 3247 raris
1389 3177 1438 3247 et
1472 3160 1608 3247 novis
1641 3161 1942 3248 accuratiores
1978 3159 2092 3269 adji-

401 3358 531 3438 cere,
593 3358 653 3420 ne
689 3332 940 3451 quidquam
976 3332 1220 3421 desiderari
1256 3334 1425 3449 possit,
1478 3350 1526 3421 et
1561 3350 1614 3421 ut
1651 3361 1712 3422 ex
1730 3334 1932 3421 'illorum
1966 3312 2093 3421 conr·

400 3505 638 3623 paratione
675 3504 929 3624 aliqnando
964 3523 1154 3623 patent:
1226 3524 1445 3624 quantum
1482 3506 1530 3594 in
1568 3506 1783 3595 mutanda
1826 3505 2091 3597 animalium

400 3678 548 3775 mole,
620 3677 758 3766 clima
794 3688 842 3764 ct
885 3679 1020 3766 locus
1064 3681 1267 3767 valeant.
1373 3679 1632 3767 Varietates
1676 3682 1831 3767 nullas
1874 3677 2088 3798 neglexi,

397 3849 596 3967 quaein
633 3847 856 3969 Zoologia
893 3852 1076 3938 maximi
1113 3854 1325 3939 momenti
1362 3873 1486 3942 certe
1521 3871 1640 3943 sunt.
1730 3847 1923 3973 Collegi
1951 3852 2089 3939 etiam

398 4023 584 4109 nomina
633 4023 883 4112 vernacula
927 4026 1221 4113 animantium
1267 4027 1465 4116 onmium
1510 4027 1771 4148 linguarum
1807 4025 1856 4112 in
1892 4023 2087 4142 Imperio

399 4192 664 4284 Raithenico
703 4195 991 4302 usitatarum,
1063 4206 1211 4317 eaque
1253 4203 1502 4290 secundum
1555 4200 1764 4321 gentium
1819 4198 2087 4285 affinistates

397 4367 557 4455 ordine
603 4369 800 4485 exposui
844 4388 894 4459 et
937 4374 1189 4461 secundum
1233 4374 1683 4492 pronunciationem,
1755 4370 2089 4490 orthographia

397 4540 870 4661 latino-germanicae
904 4548 1227 4653 convenienti,
1266 4549 1432 4635 litteris
1459 4563 1624 4633 exacte
1653 4545 1858 4662 expressi
1916 4543 2086 4631 leones

396 4713 582 4801 additae
618 4731 724 4804 sunt
762 4720 1019 4835 praesertim
1063 4722 1206 4826 tales,
1269 4747 1389 4837 quae
1433 4717 1683 4839 Zoologiae
1730 4721 1971 4829 hucusque
2008 4716 2092 4802 de·

394 4887 593 4977 fuerunt.
683 4889 733 4976 ln
769 4920 937 5015 genere
972 4918 1157 5011 operam
1193 4893 1319 4997 dedi,
1358 4911 1412 4982 ut
1446 4894 1565 4984 circa
1603 4888 1790 5007 Species
1818 4885 2081 4975 animalium
