4410 5910
479 638 592 727 Felis
619 631 850 736 venatoria,
877 633 1002 715 Pena.
1031 629 1126 712 hiat·
1154 619 1301 740 quadr.
1330 650 1372 735 p.
1401 632 1495 722 264.
1525 618 1612 703 tab.
1641 629 1707 705 30.
1725 624 1813 733 fig.
1848 652 1883 707 ι.

394 848 528 938 Persis
556 848 724 933 Falcula.
807 835 1011 926 Bochan'a
1037 837 1200 921 Palam·
1294 823 1534 919 Calmuccia
1564 827 1856 941 Tachagemda.

391 1059 463 1143 Ad
491 1055 611 1143 littus
638 1051 844 1142 orientale
880 1041 1008 1131 maria
1036 1038 1182 1155 Caspii
1217 1058 1263 1124 et
1286 1036 1334 1123 in
1365 1033 1520 1122 deserti
1549 1035 1828 1151 Kirgisiorum
1864 1070 1955 1126 me·

256 1209 537 1297 ridionalibus
566 1207 722 1322 passim
750 1206 883 1287 datur.
941 1195 1104 1281 Pellem
1134 1223 1157 1275 a
1185 1184 1491 1275 Turcomannis
1512 1209 1730 1303 acceptam
1752 1188 1856 1274 olim
1877 1193 1953 1280 ob·

260 1361 361 1446 tulit
391 1365 677 1447 Excellentiaa.
705 1359 802 1442 Car.
830 1353 875 1434 H
880 1349 1046 1435 oblizl
1052 1405 1068 1446 ,
1102 1371 1211 1459 quae
1240 1361 1458 1427 auctorum
1491 1338 1846 1454 descriptionibus
1880 1371 1956 1429 ex·

257 1535 353 1599 acte
381 1512 651 1626 congruebat.

389 1732 434 1815 N
443 1749 506 1816 ot.
564 1730 691 1812 Color
716 1723 763 1808 in
796 1724 921 1808 dorso
948 1717 1275 1804 subfulvescena.
1341 1711 1458 1797 Pilua
1483 1706 1641 1824 ubique
1672 1706 1826 1815 brevia,
1857 1708 1956 1799 atri.

252 1903 358 1985 ctus,
388 1879 665 1966 duriusculua.
713 1879 872 1962 Puncta
899 1872 1018 1984 nigra
1045 1865 1202 1981 ubique
1229 1858 1432 1950 solitaria.
1469 1864 1651 1949 ennaea
1686 1870 1812 1947 crista
1839 1862 1956 1980 epi·

254 2032 310 2118 lia
346 2029 621 2147 longioribus.
707 2024 957 2140 Magnitudo
990 2020 1102 2104 inter
1139 2024 1329 2132 Lyncem
1368 2033 1412 2099 et
1454 2017 1501 2098 F.
1551 2014 1724 2118 Manul,
1777 2014 1957 2130 propior

254 2181 406 2296 Lyaei.
464 2181 615 2267 Gauda
642 2176 883 2280 mediocria,
910 2195 957 2258 ut
983 2172 1030 2257 in
1062 2172 1207 2255 altera

605 2496 653 2585 5.
742 2488 979 2583 FELIS
1030 2483 1272 2579 Monul.
1360 2477 1522 2575 TAB.
1570 2478 1605 2568 1.

395 2737 444 2818 F.
473 2736 606 2821 cauda
634 2734 830 2848 elongata
870 2733 1078 2833 annulata,
1106 2754 1282 2843 corpore
1310 2754 1365 2812 ex
1380 2720 1805 2830 albidoflavescenta,
1847 2750 1961 2841 pun·¹

255 2882 335 2974 ctis
365 2884 541 2972 verticis
568 2883 791 3003 etrigiaque
820 2881 1022 3002 paroticis
1049 2876 1192 2994 nigris.

479 3093 594 3181 Felia
623 3050 785 3183 Manul.
840 3098 950 3181 Pau.
976 3101 1066 3179 itta.
1100 3094 1178 3175 III.
1206 3121 1304 3208 opp.
1332 3122 1377 3204 p·
1408 3101 1502 3194 692.
1531 3117 1572 3173 n.
1601 3123 1640 3174 a.
1689 3089 1786 3171 Act.
1812 3088 1957 3177 Petro·

532 3255 618 3363 pol.
648 3267 747 3331 tom.
778 3249 828 3329 V.
856 3280 897 3362 p.
934 3284 967 3330 1.
1022 3243 1229 3329 Sclueber.
1258 3271 1383 3327 mam.
1409 3241 1489 3324 Hl-
1517 3271 1558 3355 p.
1583 3254 1678 3347 406.
1713 3240 1956 3327 Ztmmema

531 3386 653 3486 Zool.
676 3426 826 3513 geogr·
862 3429 904 3513 p.
933 3410 1028 3508 667.

392 3604 535 3691 Roaais
563 3605 610 3691 in
638 3606 793 3692 Sibiria
819 3606 1015 3723 Stepnojo
1040 3608 1232 3691 Koechka
1258 3612 1277 3716 (
1287 3602 1400 3689 Felis
1428 3605 1714 3715 desertorum)
1755 3601 1825 3688 vel
1865 3552 1965 3739 M..

450 3764 639 3875 naertnaja
667 3761 858 3842 Koechlro
887 3756 1028 3866 (Felis
1057 3755 1298 3873 rupestria.)

397 3906 772 4020 turgiso-Tauris
797 3911 959 3995 Manui·
1099 3904 1343 3993 Baschkiria
1369 3908 1521 3993 Iollam.

397 4058 613 4172 Mongolia
638 4061 797 4146 Manol.
1102 4055 1305 4144 Bocharia
1331 4057 1505 4143 Malam.

391 4270 443 4350 In
470 4266 730 4382 rupeatribua
758 4267 911 4385 apn‘cia
938 4267 1132 4355 Tatariae
1160 4265 1488 4382 Mongoliaeque
1523 4269 1713 4352 desertae
1748 4291 1793 4352 et
1832 4264 1947 4357 intra

254 4416 359 4505 linea
386 4417 562 4535 Imperii
594 4418 706 4504 circa
747 4421 942 4505 australia
981 4418 1196 4507 Uralenaia
1234 4418 1323 4534 jugi
1372 4418 1684 4536 promontoria,
1727 4417 1948 4507 Altaicum

253 4575 399 4684 jugum
424 4591 470 4653 et
495 4566 542 4655 in
569 4570 742 4685 regione
770 4570 1151 4657 trans-haicalensi
1178 4568 1280 4656 satia
1320 4572 1515 4686 fraequens
1554 4570 1741 4687 speciae,
1784 4600 1946 4689 perque

254 4746 426 4806 omnem
453 4723 638 4808 mediam
664 4722 813 4811 Aaiam
848 4724 1015 4811 diffusa.
1086 4728 1136 4807 In
1177 4722 1301 4809 valde
1342 4720 1700 4841 septemtrionalia
1745 4755 1857 4829 non,
1897 4744 1949 4811 ut

253 4874 433 4985 Lyncea,
460 4898 671 4991 evagatur.
728 4882 781 4961 In
807 4877 938 4967 antria
965 4896 1010 4967 et
1036 4874 1292 4991 rupeatribua
1326 4875 1506 4992 spelaeis
1530 4875 1684 4965 latitat.
1725 4875 1944 4981 Iracunda,
