4410 5910
249 480 313 570 94
1018 476 1167 534 Ε

257 687 409 792 ferum,
436 682 660 789 timidum,
690 682 888 785 mordax,
918 672 998 768 nec
1025 668 1115 768 ullo
1143 644 1273 767 modo
1299 672 1573 768 cicurandum
1593 676 1766 770 animal.
1821 668 1952 776 ocati

254 841 363 927 irato
389 836 522 925 viridi
549 834 713 952 fulgore
740 831 999 939 scintillant,
1038 862 1127 921 non
1162 857 1306 922 tamen
1342 833 1391 921 in
1416 832 1602 921 tenebris
1630 824 1756 925 ial'de
1781 836 1955 957 conspi-

253 1023 355 1099 cuo,
392 991 499 1079 licet
526 989 583 1077 sit
609 988 898 1105 noctivagum.
968 978 1195 1075 Caeterum
1234 984 1453 1106 hybernae
1478 988 1615 1105 pelles
1655 988 1953 1110 copiosissime

254 1148 366 1266 apud
394 1174 470 1231 nos
497 1141 544 1228 in
570 1141 775 1261 pelliceas
802 1162 940 1227 vestes
967 1164 1243 1247 consuuntur,
1288 1172 1396 1258 quae
1438 1144 1492 1229 ad
1534 1142 1674 1251 Sinas,
1716 1150 1878 1233 ‘Iuram
1903 1162 1952 1231 et

253 1306 496 1414 Europaeos
521 1294 707 1382 maxime
735 1293 981 1395 mittuntur3
1010 1291 1122 1379 intra
1150 1292 1344 1385 Roasiam
1371 1294 1487 1381 enim
1514 1324 1662 1412 parum
1688 1295 1745 1384 iia
1771 1293 1952 1403 utimur,

254 1474 300 1537 et
338 1449 520 1552 caudae,
561 1477 670 1564 quae
711 1446 900 1534 maximo
925 1436 1076 1531 essent
1101 1469 1371 1552 ornamento,
1413 1447 1510 1564 lege
1550 1445 1794 1568 prohibitae
1836 1470 1952 1556 aunt,

253 1598 564 1721 privilegioque
594 1601 809 1713 Majestati
841 1620 1090 1687 reservatae.
1160 1598 1396 1718 Capiunmr
1433 1599 1632 1688 Erminea
1672 1604 1744 1689 vel
1784 1600 1953 1721 laqueis

256 1757 311 1841 ad
337 1752 556 1842 cuniculos
582 1748 748 1839 'statutis
778 1754 956 1871 (Slopez.
984 1754 1123 1863 Pars)
1164 1753 1235 1839 vel
1276 1751 1485 1871 decipulis
1526 1752 1843 1873 compressoriis
1886 1752 1952 1842 in·

255 1907 425 2012 escatis,
457 1907 687 1993 arcubusve
715 1906 788 1992 filo
814 1928 928 1991 trans
952 1903 1171 1990 tramitem
1199 1907 1329 1992 ducto
1357 1906 1659 2024 explodendisq
1695 1932 1742 1996 et
1762 1930 1863 1995 ante
1883 1930 1950 1995 er·-

254 2090 354 2148 vum
381 2059 428 2144 in
456 2058 557 2143 nive
585 2060 743 2145 factum
769 2080 816 2144 et
841 2057 1077 2143 inescatum
1105 2057 1285 2143 statutis.
1343 2061 1501 2147 Carnes
1514 2059 1730 2166 animalis,
1759 2063 1949 2149 detracta

253 2242 331 2330 per
356 2209 587 2297 incisuram
613 2211 821 2328 posticam
845 2208 1014 2325 integra
1039 2209 1179 2326 pelle,
1210 2210 1484 2327 abjiciuntu13
1526 2216 1682 2329 neque'
1704 2211 1825 2301 enim
1864 2210 1949 2332 ipsi

253 2362 394 2453 lacuti
433 2363 504 2448 val
534 2355 785 2468 'Calmucci,
825 2360 902 2478 qui
942 2359 1189 2447 foedissima
1230 2364 1447 2480 quaelibet
1486 2367 1638 2470 edunt,
1687 2365 1948 2472 Ennineuru,

254 2538 430 2635 propter
456 2516 663 2602 foetorem
689 2513 978 2602 folliculorum
1007 2511 1097 2618 ani,
1140 2515 1216 2631 qui
1249 2517 1434 2633 pellibus
1461 2518 1596 2607 etiam
1637 2515 1712 2605 diu
1738 2515 1949 2621 inhaeret,

256 2667 304 2757 in
331 2666 477 2755 cibum
503 2664 710 2755 adhibere
736 2655 924 2785 possunt
994 2668 1161 2755 Pondus
1200 2666 1412 2757 masculis¹
1433 2668 1545 2756 infra
1571 2694 1778 2789 supraque
1803 2666 1950 2757 anaim

255 2819 446 2938 quinque
471 2823 528 2907 ad
554 2842 669 2920 octo,
695 2818 893 2908 foeminis
920 2816 996 2906 vix
1024 2822 1078 2907 ad
1106 2845 1285 2938 quatuor
1311 2852 1455 2939 usque.
1512 2821 1570 2910 Iia
1580 2882 1596 2925 ,
1634 2820 1787 2940 quibus
1815 2818 1950 2941 tongi·

257 2976 363 3063 mdo
389 2971 577 3091 corporis
612 2979 696 3063 ro'‘.
726 2974 797 3061 a“‘.
824 2975 958 3060 cauda
987 2986 1048 3060 Ψ.
1075 2980 1148 3084 9''‘.
1176 2973 1267 3061 sine
1294 2973 1398 3092 pilo.

682 3353 770 3444 32.
859 3344 1260 3443 MUSTELA
1348 3346 1523 3447 Gala.

396 3594 460 3678 Μ.
487 3593 623 3679 canda
649 3580 792 3711 eapite
819 3591 1035 3700 breviore,
1076 3596 1323 3703 concolora,
1362 3593 1464 3715 pilis
1507 3594 1670 3716 aliquot
1705 3591 1843 3714 apicis
1867 3592 1949 3683 dis·

256 3741 470 3832 coloribus
497 3750 572 3856 (⁸).

478 3975 664 4064 Mustela
691 3977 894 4095 vulgaria,
924 3982 1097 4069 Gnrelin.
1126 3983 1241 4097 Syst.
1267 3938 1359 4071 Liri.
1387 3987 1423 4068 Ι.
1451 4016 1493 4100 ρ.
1522 4018 1590 4094 99.
1617 4015 1682 4103 sp.
1716 4018 1780 4071 ιι.
1808 3982 1947 4071 scira·

534 4130 622 4217 ber.
651 4137 969 4221 mammal.111.
997 4169 1040 4252 p.
1068 4149 1165 4253 498.
1194 4138 1281 4225 tab.
1315 4151 1405 4227 136.

478 4342 666 4449 Helene,
694 4343 862 4456 Buffon.
891 4352 986 4434 hist.
1015 4369 1100 4434 nat.
1130 4352 1224 4434 VII.
1253 4383 1294 4467 p.
1323 4365 1416 4439 ωδ.
1453 4349 1539 4436 tab·
1569 4384 1635 4460 29.
1654 4351 1742 4466 fig.
1776 4386 1812 4438 ι.
1919 4342 1925 4359 ’

474 4550 688 4643 Common
717 4559 912 4665 Weesel,
942 4559 1139 4644 Pennant.
1168 4562 1271 4673 Syn.
1299 4595 1342 4678 p.
1372 4594 1466 4646 arr.
1495 4594 1534 4647 n.
1570 4575 1659 4651 150.

255 4915 260 4941 ,
333 4851 388 4940 ζ’)
414 4855 487 4919 Uix
512 4848 621 4917 aliam
648 4848 987 4923 determinationem
1026 4852 1235 4945 specificam
1271 4856 1452 4943 invenies,
1491 4874 1586 4944 quae
1620 4850 1819 4928 Mustelam
1853 4848 1987 4925 ΜΕ
