4410 5910
261 466 354 552 204
1030 453 1179 507 ===

258 660 511 760 nostratibus
533 654 791 749 animalibus
825 648 1094 740 exactissime
1132 647 1344 740 convenit
1367 702 1427 723 -
1466 649 1716 777 Describam
1749 649 1832 741 bic
1852 680 1942 740 nro

257 848 349 906 rem
374 815 602 931 juniorem,
631 813 680 898 in
705 808 946 897 subaltaicis
973 806 1255 913 delini-stum,
1283 827 1453 891 aestate.

396 973 568 1056 Descr.
596 964 845 1079 Magum
872 990 994 1075 supra
1019 962 1237 1067 vulgarem
1264 964 1442 1073 Equum.
1498 960 1677 1047 Habita
1694 958 1881 1075 grossior
1896 978 1940 1044 et

256 1120 553 1239 proportiones
580 1116 815 1218 breviores,
845 1144 971 1228 quam
999 1112 1152 1211 Cerri,
1177 1144 1202 1195 a
1229 1141 1313 1227 quo
1341 1110 1529 1196 maxime
1557 1142 1660 1197 naso
1680 1111 1842 1229 equino
1865 1110 1943 1197 dit

259 1276 356 1363 fert.
405 1275 551 1389 capas
576 1271 840 1384 elongatum,
876 1285 1053 1350 rostram
1087 1265 1211 1349 valde
1239 1292 1541 1381 compressum
1582 1296 1706 1351 nasas
1732 1260 1942 1375 cartilsgi·

260 1454 385 1527 nem,
412 1445 525 1509 totus
548 1421 732 1538 pilosus,
772 1448 869 1504 cum
894 1414 1108 1531 superiore
1136 1415 1252 1502 labio
1277 1447 1416 1504 crasso
1441 1417 1651 1533 prolixas,
1692 1418 1806 1503 ultra
1827 1445 1943 1501 man·

262 1575 455 1661 dibnlam
480 1572 739 1689 prominens:
782 1601 902 1654 nares
931 1570 1020 1652 fere
1057 1590 1104 1652 ut
1131 1569 1332 1684 equinae,
1366 1569 1672 1686 amplissimae,
1713 1570 1945 1684 oblongae,

260 1725 402 1812 sntice
424 1723 617 1829 hiantes,
641 1722 837 1838 margine
861 1720 1260 1838 prominentissimo.
1326 1725 1479 1808 Dentes
1505 1721 1709 1839 primores
1735 1743 1836 1808 octo
1862 1748 1944 1805 ms·

261 1875 446 1981 diocres,
474 1876 769 1991 subaequales,
806 1872 1015 1976 convexi,
1058 1873 1219 1959 extnno
1242 1905 1394 1990 parum
1419 1874 1639 1990 obliquato
1663 1898 1712 1961 et
1737 1902 1944 1991 comprare

260 2028 386 2127 tiore.
440 2031 601 2142 Anguli
626 2026 712 2113 oris
740 2050 783 2113 et
802 2030 967 2113 buccae
993 2026 1108 2110 intus
1135 2023 1444 2111 villosissimae.
1507 2029 1657 2114 Canini
1689 2026 1814 2113 nuili.
1869 2027 1946 2112 Or·

260 2179 373 2267 bitae
399 2176 686 2295 prominulae‚
715 2182 790 2265 sed
805 2185 927 2291 frons
954 2177 1067 2263 inter
1092 2208 1249 2263 conrua
1271 2180 1570 2294 protuberans,
1599 2181 1791 2266 adstante
1817 2177 1946 2264 utrin-

261 2360 347 2447 que
375 2330 537 2417 vortice
576 2330 782 2446 pilorum,
823 2352 921 2414 ante
961 2331 1080 2413 bases
1121 2359 1325 2415 cornuum
1364 2332 1474 2415 fossa
1514 2354 1754 2419 excavatus.
1824 2331 1949 2417 Ocrb

260 2482 405 2597 parvi,
432 2483 606 2569 indibus
630 2481 775 2584 fuscis3
804 2480 992 2596 margine
1021 2482 1309 2595 palpebrarum
1329 2482 1502 2583 molles,
1529 2484 1780 2599 praesertim
1806 2481 1947 2571 antino

261 2629 422 2719 cantho
446 2635 534 2719 late
548 2637 662 2719 nudo
682 2633 816 2749 nigri,
843 2643 1026 2750 superior
1039 2664 1062 2715 a
1075 2631 1239 2747 postico
1266 2632 1422 2720 cantho
1449 2637 1504 2722 ad
1530 2656 1550 2735 ξ
1574 2634 1690 2721 ciliis
1714 2632 1849 2751 nigris
1871 2664 1947 2722 ex·

147 2788 158 2807 '
259 2784 391 2872 terius
421 2787 606 2874 barbata.
663 2788 782 2871 Sinus
809 2784 985 2900 exiguus
1013 2785 1131 2869 albus
1158 2806 1255 2869 ante
1284 2786 1451 2891 oculos,
1480 2817 1586 2903 poro
1610 2788 1792 2875 centrali
1819 2816 1948 2875 coeco

261 2959 444 3024 notatus.
501 2939 584 3025 Pili
609 2937 722 3052 nigri
748 2938 879 3052 sparsi
906 2967 983 3054 per
1008 2933 1133 3020 rostri
1158 2938 1292 3021 latera
1318 2966 1460 3022 versus
1486 2968 1630 3039 nares,
1655 2939 1881 3027 inmerito
1905 2960 1948 3026 st

261 3117 339 3202 per
365 3090 543 3197 orbitas,
570 3092 758 3178 maxime
783 3121 909 3206 supra
934 3091 1093 3175 oculos.
1151 3092 1236 3175 Sub
1263 3088 1350 3174 ima
1378 3091 1475 3205 gula
1503 3093 1634 3179 barba
1659 3091 1781 3207 nigre
1798 3114 1948 3191 setosa

258 3238 387 3327 crista
414 3243 686 3331 decrescente
711 3272 788 3358 per
814 3243 973 3328 collum
1000 3241 1336 3355 longitudinalis.
1411 3243 1545 3329 Anares
1568 3242 1845 3360 proportione
1874 3241 1948 3330 mi·

257 3421 404 3493 nores,
440 3425 568 3510 quam
595 3425 744 3501 cervo,
781 3393 880 3480 basi
906 3395 1073 3478 clausae
1097 3392 1340 3491 tabulatae,
1378 3393 1606 3481 albidiores
1634 3395 1797 3512 capite,
1837 3395 1950 3489 intur

255 3545 424 3649 nudae,
465 3576 628 3631 sursum
655 3545 759 3661 pilis
784 3545 889 3630 ratis
916 3544 1070 3630 hirtae.
1139 3547 1304 3630 Cornus
1329 3546 1671 3661 supraorbitalia,
1711 3551 1768 3636 ab
1795 3549 1950 3637 marl·

259 3723 334 3780 seu
360 3725 519 3782 corona
546 3700 694 3783 baseos
720 3699 963 3812 pedunculo
989 3696 1260 3813 cylindraceo
1297 3720 1414 3783 recto
1448 3702 1603 3816 angulo
1629 3698 1952 3789 boriaontaliter

262 3842 551 3958 divergentia,
583 3846 689 3934 binc
717 3854 903 3958 (exserto
931 3872 1164 3935 mttrorsum
1191 3851 1446 3937 subracurro
1473 3882 1611 3958 ramo,
1635 3852 1684 3938 in
1708 3851 1952 3939 maios

257 3993 423 4108 trifido)
466 3997 713 4085 latescentia
752 4029 894 4086 versus
922 3998 1107 4086 nacharn
1133 4023 1404 4087 recurvantur
1442 4002 1489 4088 in
1517 4004 1704 4120 palmam
1729 4004 1870 4093 tribas
1889 4034 1952 4091 rr·

256 4144 339 4233 nris
368 4146 606 4263 digitatam.
668 4152 792 4238 namt
818 4173 920 4239 tunc
957 4159 1168 4268 (augusto)
1208 4180 1353 4238 omnes
1380 4151 1633 4270 cylindrici,
1672 4156 1816 4244 obtusi
1842 4162 1953 4272 ρὰ

256 4327 356 4388 cum
380 4300 505 4388 molli
530 4310 678 4390 neuere
702 4332 855 4420 gryseo
883 4306 1000 4393 fusco
1035 4301 1232 4403 obducti,
1257 4304 1415 4420 passim
1441 4306 1597 4393 detrita
1623 4331 1670 4392 et
1697 4309 1953 4397 vermina-o

254 4474 527 4566 mpprrante.
583 4456 666 4543 Pili
692 4453 741 4541 in
768 4456 927 4542 vellere
968 4485 1173 4545 somnum
1212 4457 1355 4546 antico
1395 4489 1511 4547 ramo
1553 4461 1606 4545 ab
1645 4459 1770 4578 apice
1805 4486 1953 4547 rm

252 4630 454 4691 coronam
479 4603 604 4705 torsi,
653 4606 825 4693 frontnli
866 4607 957 4724 pilo
983 4633 1268 4717 occurrentes,
1306 4610 1357 4697 in
1384 4612 1554 4727 palmrm
1569 4610 1705 4699 ramis
1731 4606 1955 4730 asperiori

252 4753 330 4843 bus
355 4786 517 4843 emaum
550 4760 754 4861 tendant,
790 4757 840 4846 in
879 4757 1090 4876 prioribus
1117 4762 1306 4879 obliqua.
1331 4812 1390 4832 -
1430 4764 1608 4875 Occipat
1645 4792 1761 4881 pono
1799 4788 1955 4851 eornm

250 4902 406 5016 amm,
447 4935 706 5017 eratenim
748 4918 879 5001 rosta
905 4933 1050 5001 setosa
1082 4912 1260 5034 inignis
1296 4948 1324 5004 a
1355 4913 1502 5004 -nncha
1540 4944 1619 5035 per
1649 4914 1876 5007 cerrioem
1911 4932 1959 5005 e
