4410 5910
252 383 342 481 286
1022 392 1169 446 Ξ

389 603 435 687 N
438 623 525 688 ora
553 638 586 685 ι.
627 600 812 686 Umbrae
838 597 982 681 colore
1010 592 1124 680 fusca
1144 613 1208 676 est
1235 588 1367 694 Orca,
1395 590 1538 678 subtus
1567 590 1678 679 alba.
1734 592 1854 680 Pone
1879 622 1944 685 cs·

255 779 332 877 put
358 755 556 869 utrinque
584 759 750 836 mocula
777 748 964 833 lateralis
992 747 1112 848 alba,
1155 744 1352 856 oblonga.
1384 848 1388 859 ,
1421 747 1554 831 Pinna
1588 746 1770 833 dorsalis
1797 746 1945 837 altissi-

256 941 346 1010 ωε,
388 904 494 1008 lata,
540 925 765 989 retrorsum
792 898 1021 984 subfalcata
1063 919 1108 980 et
1149 918 1289 998 acuta,
1332 924 1457 1012 saepe
1485 927 1609 1023 supra
1636 928 1766 1015 aquas
1790 899 1944 1017 promi.

256 1089 396 1171 nens..
430 1063 612 1141 Dorsum
641 1087 664 1138 a
692 1050 830 1171 nucha
857 1080 997 1134 versus
1025 1047 1199 1162 pinnam
1228 1050 1499 1133 adscendens.
1553 1136 1557 1141 ,
1607 1168 1610 1173 ι

392 1210 436 1291 N
443 1228 530 1292 otu
560 1242 597 1291 a.
658 1168 912 1300 Titurius,
941 1197 1014 1316 qui
1041 1198 1281 1314 nuperrime
1308 1197 1354 1282 in
1383 1197 1659 1315 expeditione
1681 1205 1941 1289 Kmsenster·

252 1361 296 1449 ni
304 1393 383 1445 ana
410 1361 541 1444 Orcas
569 1386 807 1441 numerosas
835 1355 881 1437 in
909 1351 1015 1437 mari
1044 1348 1280 1436 Ochotensi
1315 1373 1426 1435 turm
1441 1350 1531 1436 tim
1573 1374 1618 1437 et
1645 1351 1767 1467 quasi
1795 1354 1943 1438 ordine

253 1509 430 1601 militari
456 1530 647 1594 natantes
675 1504 933 1602 observavit,
976 1502 1161 1585 tabulam
1200 1501 1381 1617 pictam,
1425 1533 1531 1618 quae
1568 1532 1763 1589 orcarum
1800 1502 1943 1621 pinnis

252 1662 484 1750 dorsalibus
512 1657 806 1745 ensiformibus
833 1653 952 1771 quasi
980 1654 1049 1738 vel
1084 1652 1324 1739 subfalcatis
1361 1684 1416 1739 ex
1453 1653 1577 1741 undis
1605 1652 1945 1771 prominentibus

254 1813 490 1899 natantium
517 1810 710 1897 ordinem
740 1832 785 1894 et
811 1807 1014 1899 intuitum
1040 1803 1165 1888 simul
1201 1835 1298 1890 curn
1325 1803 1559 1931 phocarum
1590 1811 1643 1895 ab
1671 1806 1726 1893 iis
1754 1836 1944 1925 persecu.

255 1989 392 2051 tarum
420 1963 594 2048 saltibus
623 1982 928 2077 repraesentat,
964 1956 1183 2042 nobiscum
1211 1957 1557 2082 communicabit.

769 2202 1027 2224 Μ

564 2349 821 2457 XXXIV.
901 2348 1717 2515 PHYSETERESg

937 2568 1253 2588 m

391 2673 756 2783 Quemadmodum
785 2669 1176 2790 Phalaenographia
1196 2697 1433 2760 nostrorum
1455 2673 1631 2760 marium
1661 2668 1803 2759 adhuc
1832 2672 1944 2759 incu-

256 2820 323 2907 nis
349 2844 433 2925 est,
478 2822 539 2907 ita
565 2822 813 2938 praesertim
840 2821 1116 2939 Physeterum
1156 2827 1318 2942 species
1347 2825 1484 2912 adhuc
1515 2830 1715 2913 obscurae
1757 2848 1945 2922 manent,

255 2971 447 3088 quamvis
475 2974 636 3089 plures,
678 2975 765 3061 imo
794 2979 901 3063 forte
930 2976 1116 3092 ignotas,
1159 2979 1205 3062 in
1234 2982 1407 3065 Oceano
1436 2978 1635 3064 orientali
1665 2976 1758 3063 dari
1786 3008 1812 3063 e
1841 2978 1942 3062 rela-

255 3124 443 3210 tionibus
484 3126 666 3242 suspicio
708 3127 775 3212 sit.
845 3132 928 3213 Sed
971 3160 1100 3242 quum
1136 3129 1236 3214 raris
1264 3128 1427 3213 casibus
1455 3129 1500 3213 i'n
1529 3130 1673 3215 littora
1702 3126 1937 3244 ejiciantur,

252 3275 399 3391 ibique
429 3280 481 3364 ab
509 3277 663 3362 incolis
689 3300 734 3362 et
762 3279 860 3363 feris
897 3280 987 3386 sine
1029 3311 1147 3367 mora
1190 3279 1375 3365 discindi
1417 3304 1462 3365 et
1502 3279 1724 3366 dilacerari
1765 3281 1936 3381 soleant,

250 3456 389 3542 neque
416 3432 661 3527 Stellero,
706 3431 984 3517 attentissimo
1013 3431 1235 3518 adomnia
1265 3430 1546 3530 observatori‚
1587 3462 1725 3546 neque
1766 3429 1932 3547 nuperis

251 3576 298 3662 in
327 3577 603 3693 expeditione
634 3581 912 3696 Billingsiana
940 3583 1076 3667 missis
1113 3580 1449 3666 observatoribus
1491 3584 1671 3698 contigit
1696 3585 1840 3702 plures
1867 3584 1934 3670 lto·

253 3756 345 3811 rum
367 3751 632 3815 cetaceorum
655 3731 816 3846 species
835 3734 1077 3819 examinare
1102 3757 1146 3817 et
1166 3732 1416 3818 describere.
1474 3740 1641 3820 Praeter
1653 3736 1826 3824 unicam
1840 3762 1933 3823 vero

254 3874 494 3989 Physeteris
508 3881 714 3995 speciem,
744 3884 798 3967 de
812 3913 894 3998 qua
907 3907 1024 3972 certo
1038 3908 1222 3987 constat,
1252 3888 1305 3969 de
1319 3884 1452 3969 tribus
1476 3883 1614 3972 adhuc
1628 3917 1653 3972 e
1666 3890 1931 3979 relationibus

255 4025 543 4116 insulanorum
557 4034 712 4116 famam
728 4036 894 4152 accepi,
924 4066 1025 4152 quas
1039 4036 1279 4123 nominibus
1294 4039 1425 4151 probe
1440 4035 1724 4153 distinguunt:

395 4246 440 4308 1¹¹¹
455 4287 471 4313 .
500 4238 653 4343 species
680 4228 892 4343 Canagice
921 4233 1230 4346 Aggadachgttr
1270 4232 1501 4347 appellata,
1539 4231 1699 4319 dicitur
1732 4234 1779 4321 in
1806 4230 1923 4349 longi-

254 4374 445 4479 tudinem
473 4376 720 4492 quindecim
748 4410 969 4494 orgparum
998 4410 1262 4481 excrescere3
1304 4386 1457 4470 Dentes
1494 4384 1563 4468 illi
1603 4384 1650 4469 in
1685 4416 1762 4471 ore
1799 4382 1918 4471 antire

255 4555 375 4641 supra
404 4557 501 4633 sex,
544 4528 652 4613 infra
688 4553 772 4615 tres
809 4531 996 4617 eminere
1024 4533 1069 4618 in
1099 4534 1390 4620 dodrantalem
1419 4534 1751 4649 longitudinem,
1792 4539 1914 4621 latera

252 4674 315 4759 lea
343 4678 487 4764 adesse
514 4672 669 4795 plures.
725 4683 835 4769 Ossa
863 4683 1116 4771 solidissima
1145 4691 1198 4772 ad
1227 4687 1391 4802 tuguria
1419 4709 1463 4771 et
1490 4688 1595 4771 alios
1630 4720 1726 4773 usus
1759 4710 1913 4775 oecono-

254 4824 386 4911 micus
414 4828 590 4947 optima.
664 4837 748 4922 Sed
789 4865 934 4925 carnes
974 4861 1019 4925 et
1056 4836 1273 4956 pinguedo
1307 4838 1476 4925 nonnisi
1502 4870 1663 4925 summa
1688 4830 1911 4959 penuriam
