4410 5910
1035 373 1187 431 Ξ
1861 380 1951 464 553

531 603 619 660 om.
660 608 702 692 p.
745 608 834 684 ¹77·
908 574 1001 691 Raj.
1050 606 1116 659 av.
1146 607 1186 686 p.
1229 592 1296 684 74.
1323 606 1362 659 n.
1407 611 1444 686 7.
1512 579 1695 666 Brissott.
1743 608 1831 666 om.
1875 585 1952 670 ΙΙΙ.

532 758 573 842 p·
605 739 698 829 548.
728 758 790 843 sp.
824 741 864 812 3.
892 731 1057 837 Buffon.
1086 757 1174 809 orn.
1204 727 1254 811 V.
1285 760 1325 838 p.
1355 742 1448 829 455.

475 883 601 962 Parus
631 878 877 975 coeruleus,
905 882 1183 962 Messersclim.
1214 908 1299 960 orn.
1329 881 1419 962 MS.
1448 879 1524 964 ΙΙΙ.
1558 913 1598 993 p.
1628 896 1725 985 405.

475 1037 601 1115 Parus
630 1031 848 1116 coeruleus
877 1027 1096 1140 sibiricus,
1129 1035 1238 1112 Mus.
1268 1036 1435 1144 Petrop.
1465 1038 1497 1114 Ι.
1528 1064 1571 1145 p.
1603 1047 1694 1141 378,
1724 1065 1764 1118 n.
1801 1048 1894 1143 289.

481 1191 605 1267 Parus
635 1160 829 1297 Cyanus,
863 1184 968 1268 Pali.
998 1184 1104 1265 Noa.
1135 1181 1252 1265 Com.
1284 1182 1392 1264 Patr.
1423 1183 1538 1268 XIV.
1567 1216 1609 1300 p.
1641 1197 1734 1272 588.
1764 1188 1849 1272 tab.
1880 1205 1946 1275 23.

394 1373 396 1377 ·
523 1339 610 1448 fig.
642 1349 680 1420 3.

250 1483 255 1495 ’
475 1493 601 1571 Parus
631 1487 843 1585 knaesok,
871 1488 1042 1602 Lepeclt.
1070 1487 1177 1573 Nou.
1207 1488 1325 1573 Com.
1352 1486 1515 1599 Petrop.
1543 1490 1657 1574 XIV.
1679 1523 1721 1604 p.
1743 1504 1838 1597 498.
1862 1490 1949 1576 tab.

536 1654 598 1725 13.
618 1643 703 1751 fig.
740 1675 774 1722 r.

472 1798 610 1876 Azure
639 1789 886 1889 Titmouse,
914 1794 1106 1876 Latiam.
1135 1822 1229 1904 syn.
1260 1792 1333 1876 IV.
1361 1823 1404 1905 p.
1436 1804 1530 1880 538.
1560 1823 1599 1878 n.
1630 1807 1670 1878 3.

393 1942 567 2028 Rossice
596 1945 785 2027 Knaesolt
812 1941 1129 2058 (principulus).

387 2092 552 2178 Tataris
581 2097 688 2180 lruult
703 2144 717 2157 ·
735 2096 1055 2190 Tsclriwidsclri3
1092 2093 1335 2181 Baschkiris
1363 2095 1591 2214 hojendsig.

388 2244 603 2360 Mongolis
631 2247 1007 2357 Kato-zeizigat
1035 2248 1079 2352 (a
1108 2247 1282 2358 colore).

363 2401 406 2482 A
436 2398 576 2510 Volga
603 2395 733 2482 fluvio
761 2395 970 2482 orientem
996 2425 1139 2481 versus
1168 2427 1443 2513 peromnem
1473 2396 1692 2496 Sibiriam,
1727 2395 1775 2487 in
1802 2399 1949 2490 salice·

250 2550 306 2638 tis
335 2570 379 2634 et
414 2547 656 2634 nemoribus
689 2571 779 2633 tota
806 2545 962 2663 hyeme
1007 2572 1181 2662 vagatur
1208 2574 1252 2635 et
1280 2583 1404 2668 saepe
1434 2551 1724 2665 subgregaria,
1782 2561 1950 2642 Insecta

251 2698 548 2788 subsorticalia
575 2702 694 2815 legit.
758 2707 911 2816 Neque
940 2709 1133 2816 Europae
1159 2705 1324 2788 boreali
1354 2707 1499 2801 deest,
1543 2705 1704 2789 etenim
1730 2700 1949 2822 Petropoli

250 2884 344 2941 aero
359 2862 575 2939 'autumno
610 2882 686 2966 per
715 2852 885 2937 hortum
918 2885 1060 2938 meum
1099 2877 1322 2965 vagantem
1349 2856 1396 2937 in
1431 2854 1632 2938 suburbio
1668 2857 1760 2940 vidi
1788 2858 1949 2970 aliquo·

255 3006 350 3092 ties.
428 3007 469 3088 V
466 3035 522 3089 ort
554 3000 721 3118 pipiens
733 3064 746 3102 ,
787 3001 977 3096 tinnula,
1016 3034 1113 3088 cum
1146 3004 1268 3088 brevi
1297 3001 1617 3100 modulatione,
1659 3005 1773 3092 inter
1804 3010 1950 3091 volan·

251 3159 367 3243 dum.
437 3157 605 3240 Plumas
639 3151 790 3269 eapitis
825 3177 868 3237 et
904 3153 1081 3238 cervicis
1122 3155 1371 3268 plerumque
1407 3152 1537 3237 instar
1573 3155 1723 3242 cristae
1760 3156 1944 3271 artigues

251 3308 385 3425 gerit,
415 3329 460 3393 et
485 3306 615 3391 totius
642 3303 828 3420 corporis
856 3303 1147 3421 plumaginem
1176 3305 1274 3389 laxa
1300 3306 1565 3390 tumidulam.
1623 3309 1850 3394 Dormiens
1879 3340 1946 3394 ca·

247 3460 342 3577 pite
367 3463 443 3546 sub
472 3458 539 3543 ala
566 3458 741 3543 condito
769 3458 930 3571 glomer
955 3459 1240 3573 plumularum
1267 3459 1408 3543 refert.
1448 3464 1498 3539 In
1519 3487 1648 3543 cavea
1668 3460 1790 3546 brevi
1816 3462 1944 3577 perit,

217 3675 220 3683 -
251 3637 300 3698 ut
326 3613 519 3727 plerique
549 3608 671 3711 Pari,
700 3609 909 3694 libertatis
939 3631 1127 3693 amantes
1157 3609 1360 3694 aviculae.
1423 3609 1673 3722 Deplumati
1701 3645 1850 3730 corpus
1870 3613 1952 3700 vix·

252 3763 495 3879 juglandem
525 3779 689 3875 aequat.
745 3762 880 3846 Nidus
907 3760 953 3845 in
981 3758 1257 3846 foraminibus
1284 3764 1477 3846 arborum
1505 3775 1551 3866 4}
1577 3764 1681 3879 poll.
1711 3766 1944 3866 diametro,

252 3945 277 4001 e
307 3944 450 4000 musco
478 3939 661 4030 pennato
689 3912 866 3997 solerter
900 3935 1068 4010 textus,
1106 3911 1221 3996 intus
1248 3912 1350 4027 pilis
1378 3913 1505 3997 meris
1533 3913 1725 4002 vitulinis
1753 3916 1943 4004 molliter

253 4088 414 4153 stratus.
472 4068 690 4154 Pedicatur
718 4064 935 4151 acaroides
961 4063 1127 4176 frigoris
1155 4061 1500 4179 patientissimus.
1660 4112 1664 4117 ·

363 4226 555 4308 Dascr.
597 4220 845 4332 Magnitudo
874 4214 969 4302 Pari
997 4214 1205 4312 coerulei,
1247 4246 1325 4330 pro
1352 4247 1438 4329 quo
1467 4249 1491 4300 a
1518 4216 1940 4307 Messersehmi-

252 4376 353 4461 dio
394 4372 572 4486 aliisque
611 4370 781 4455 habitus
808 4370 914 4455 olim
942 4367 1052 4463 fuit,
1088 4368 1145 4451 ob
1173 4367 1337 4480 plumas
1367 4390 1510 4452 tamen
1540 4369 1745 4474 laxiores,
1789 4373 1941 4487 quibus

252 4527 340 4610 fere
369 4532 415 4610 P.
444 4525 668 4608 caudarum
695 4525 946 4621 aemulatur,
975 4521 1103 4635 paulo
1130 4525 1263 4632 major
1291 4540 1475 4634 apparet,
1538 4524 1731 4610 Rostrum
1771 4523 1939 4609 brevius

253 4675 511 4790 crassiusque
540 4671 649 4758 aliis.
717 4679 880 4789 Lingua
909 4670 1210 4785 cartilaginea,
1253 4671 1405 4785 plana,
1450 4671 1522 4758 vir
1550 4700 1784 4761 extrorsum
1813 4706 1938 4791 angu-

251 4849 358 4916 mata
370 4889 385 4934 ,
420 4827 595 4937 biloba,
632 4824 745 4915 lobia
769 4805 827 4915 iri
856 4828 926 4916 vel
952 4823 1216 4944 quadrisetis.
1272 4826 1435 4939 Caput,
1474 4826 1633 4911 collum
1660 4848 1705 4914 et
1722 4826 1819 4915 avis
1846 4830 1938 4918 sub·

1443 4967 1494 5048 70
