4410 5910
1012 432 1165 491 u
1849 419 1943 529 ri?

248 658 387 731 totam
407 633 631 746 Sibiria‘m,
648 633 772 726 circ'e
790 631 1006 728 lieict'lem
1024 632 1209 727 martimo
1229 640 1370 728 iacum
1389 661 1434 727 et
1461 640 1515 731 ad
1540 630 1682 729 Vitim
1707 660 1754 729 ct
1776 647 1944 731 brem

240 791 403 881 fluvios
427 818 586 909 usque,
611 818 701 879 non
725 792 774 879 in
799 792 986 880 maxime
1012 784 1273 898 borealibus,
1303 822 1383 880 nec
1409 794 1457 879 in
1483 795 1635 884 ultimo
1661 794 1843 884 Sibiriae
1869 800 1944 883 an·

245 946 372 1062 gulo.
427 945 568 1031 Oestri
592 966 761 1062 tempus
787 945 944 1034 incidit
970 968 1152 1032 exeunte
1179 954 1392 1061 Augusto;
1424 976 1576 1035 cervae
1601 947 1771 1067 parium
1797 946 1947 1036 medio

244 1096 428 1187 circiter
453 1102 591 1210 Maio,
620 1120 666 1184 et
690 1116 794 1184 amc
820 1099 1020 1217 separatis
1049 1098 1243 1215 gregibus
1269 1123 1495 1215 pascuntur
1513 1124 1558 1187 et
1578 1100 1804 1189 hinnulum
1823 1130 1944 1190 suunt

249 1247 406 1369 primis
432 1252 596 1337 duobus
623 1230 836 1336 mensibus
865 1253 1141 1338 abscondunt.
1196 1249 1434 1337 Hiunulum
1460 1252 1599 1343 adhuc
1626 1254 1844 1361 lactentes,
1875 1282 1947 1342 att·¹

249 1418 404 1489 mne
428 1430 558 1518 saepe
582 1401 816 1521 implentur
841 1394 1020 1509 iterum,
1048 1424 1093 1489 et
1119 1424 1215 1521 post
1242 1428 1487 1520 sequentem
1511 1400 1678 1523 partum
1704 1405 1824 1522 prior
1849 1404 1949 1494 hina·

251 1554 377 1641 unlus
403 1554 563 1670 periret
589 1555 779 1672 sequitur
803 1578 982 1642 matrem
1009 1578 1055 1641 et
1081 1578 1201 1641 utera
1222 1576 1318 1673 'cum
1343 1557 1507 1671 juniore
1529 1587 1728 1675 germano
1747 1558 1942 1675 partitur.

252 1706 427 1793 Himrrdi
466 1730 693 1813 nascuntur
727 1710 886 1794 vellere
913 1710 1090 1794 obscure
1106 1708 1376 1823 ferrugineo,
1418 1710 1587 1828 punctis
1613 1740 1691 1828 per
1717 1711 1949 1819 cervicem·

230 1860 426 1945 dorsum
452 1880 498 1971 et
522 1860 656 1945 latera
680 1860 914 1948 ordinatim
942 1859 1159 1976 dispositis
1184 1839 1314 1964 albis,
1358 1862 1472 1946 linea
1506 1862 1661 1978 spinuli
1687 1860 1828 1977 nigra3
1870 1864 1946 1949 sed

252 2011 390 2099 tltero
431 2011 582 2096 aetatis
623 2042 768 2099 mense
809 2013 1000 2099 maculae
1024 2020 1125 2127 jam
1167 2012 1380 2129 incipiunt
1420 2044 1684 2100 evanescere.
1740 2010 1950 2131 Annicuii

256 2190 405 2255 mense
432 2167 623 2278 Augusto
650 2164 787 2281 prima
815 2196 968 2252 cornua
999 2164 1213 2282 simplicia
1240 2172 1325 2277 jam
1353 2163 1563 2281 'erigentes
1584 2164 1947 2271 transsabrinos,
1987 2166 1991 2171 ’

259 2340 303 2403 et
325 2315 569 2431 Septembri
595 2348 647 2403 ea
675 2315 816 2403 adhuc
845 2316 995 2403 mollia
1024 2338 1069 2401 et
1094 2318 1210 2433 pelle
1237 2317 1390 2403 vestita
1417 2334 1587 2433 gerunt,
1625 2316 1950 2405 semiulnaribus
2009 2334 2013 2343 “

254 2466 471 2585 longiore,
513 2471 790 2555 subflexuosa.
859 2470 1013 2555 Adulti
1054 2470 1183 2557 Cervi
1223 2500 1377 2556 cornua
1420 2469 1620 2554 amittunt
1658 2470 1800 2586 primo
1834 2498 1951 2575 rere,
1983 2482 1986 2489 '

250 2620 427 2709 circiter
454 2621 632 2729 Martio,
672 2643 719 2708 et
743 2623 872 2712 iunio
900 2629 986 2736 jam
1013 2624 1269 2727 reiecerunt,
1314 2624 1388 2708 sed
1428 2620 1567 2708 adhuc
1594 2620 1760 2729 infirma
1801 2633 1953 2735 gerunt

252 2780 302 2863 e't
326 2774 445 2890 pelle
471 2797 693 2892 cooperta,
722 2806 850 2892 quam
877 2774 1038 2862 deinde
1066 2776 1299 2861 deioratam
1326 2773 1423 2891 ipsi
1438 2775 1513 2860 ubi
1537 2752 1747 2888 attingere
1764 2788 1952 2889 possunt,

250 2927 498 3017 comedunt.
552 2922 721 3025 Cornua
747 2929 879 3014 oestri
893 2953 1097 3044 tempore
1130 2929 1362 3043 pugnando
1389 2928 1623 3043 praefracta
1649 2957 1736 3012 non
1764 2926 1951 3031 reficere,

256 3078 355 3171 imo
382 3078 558 3166 mutilos
583 3081 692 3167 tales
718 3098 866 3168 certos
901 3086 1237 3194 (Kymmcrlinge
1264 3085 1445 3190 vocant)
1488 3077 1783 3194 propagationi
1822 3078 1957 3163 etiarn

259 3230 439 3321 inutiles
466 3229 581 3338 fieri,
609 3232 915 3341 Germanorum
943 3230 1155 3318 doctiores
1181 3248 1402 3316 venatores
1431 3249 1630 3314 asserunt.
1684 3229 1835 3332 Annis,
1864 3226 1956 3341 qui·

258 3386 345 3473 im
371 3384 521 3501 pabuli
546 3378 733 3501 penuria·
750 3408 996 3504 premuntur
1022 3383 1159 3489 cervi,
1190 3404 1352 3469 certum
1380 3404 1444 3467 est
1472 3410 1545 3469 eos
1566 3379 1783 3499 pauciores
1804 3378 1851 3464 in
1865 3408 1955 3465 cor·
2080 3412 2088 3423 ·

260 3536 390 3625 nibus
417 3566 556 3624 remos
582 3543 773 3646 reficere,
808 3564 945 3655 quani
961 3534 1088 3624 ¹antea
1115 3568 1193 3655 per
1220 3557 1399 3621 aetatem
1428 3534 1752 3650 acquisiverant.
1808 3528 1957 3619 Omni·

264 3690 347 3777 bus
373 3686 533 3805 hyeme
556 3692 697 3778 ¹reilut
722 3674 933 3780 excrescit
954 3689 1143 3806 longius,
1174 3688 1308 3803 magis
1335 3716 1360 3772 e
1388 3688 1504 3817 fusco
1533 3687 1769 3786 cinereum
1799 3706 1962 3770 cenato·

258 3839 398 3958 mgis
437 3842 691 3939 fulrenunt.
754 3838 946 3962 Campos
986 3864 1032 3928 et
1072 3842 1211 3958 sylvas
1250 3840 1580 3926 infermentanas
1614 3837 1773 3955 pariter
1800 3857 1956 3924 amant.

260 3994 522 4113 Hippeicpiu'
546 3994 660 4113 epod
685 4026 764 4085 nos
791 3990 902 4104 non,
941 3998 1056 4112 quod
1085 3995 1236 4099 sciam,
1277 3997 1563 4080 observantur.
1631 3993 1814 4080 Cervam
1842 3985 1957 4072 adui-

259 4162 355 4236 tdm
380 4146 427 4233 in
454 4150 700 4239 subaltaicis
728 4156 921 4267 Augusto
946 4149 1008 4234 ita
1035 4146 1254 4262 descripsi.
1933 4180 1936 4187 ·

276 4352 286 4365 ·
400 4304 580 4390 Dercr.
605 4310 864 4421 Europaeus
891 4300 1184 4419 magnitudine
1214 4302 1423 4388 excedere
1449 4300 1630 4385 videtur.
1685 4299 1825 4408 Capnt
1843 4291 1962 4378 cion·-

269 4474 438 4573 μωω,
477 4478 612 4543 rostro
649 4446 857 4574 producio
895 4486 1039 4545 versus
1079 4456 1262 4540 frontem
1289 4457 1625 4568 subcompresso,
1669 4473 1860 4534 extremo
1890 4447 1963 4530 ἀοι

271 4605 577 4725 pressiuscuio,
601 4614 844 4697 rotundato.
898 4612 1032 4697 Nares
1057 4611 1245 4712 innatae,
1274 4606 1463 4724 patulae,
1501 4604 1825 4720 subparallelae,
1858 4600 1965 4684 iate*

265 4760 399 4863 relect
434 4758 709 4851 interranum
735 4796 812 4850 seu
837 4784 998 4883 emtum
1024 4762 1176 4866 letum,
1210 4790 1311 4846 oum
1339 4755 1488 4872 majori
1522 4780 1642 4874 parte
1670 4754 1869 4872 marginis
1897 4776 1961 4840 su·

272 4914 371 5033 peri
397 4914 564 5007 cerium
588 4939 635 5007 et
666 4914 817 5007 mede
852 4919 1052 5039 portione
1077 4898 1228 5024 initii,¹
1255 4912 1397 5030 nigra,
1436 4904 1710 5028 ymdinota,
1751 4904 1963 4998 fasciculis

1471 5080 1525 5158 ao
