4410 5910
1039 227 1201 367 ··=·'-=·=
1870 319 1960 401 ³2⁵

265 541 271 551 ·
427 510 435 518 ’
493 502 956 620 672121222221222122,
986 506 1168 594 Brisson.
1197 511 1343 594 22221212.
1371 512 1407 594 Ι.
1436 546 1477 628 p.
1503 528 1597 626 372.
1627 518 1714 603 tob.
1735 533 1802 605 32.
1821 523 1962 634 siga.

549 662 639 744 Lin.
667 679 774 771 syst.
801 663 836 744 l.
866 693 908 772 p.
943 673 1032 747 232.
1059 693 1122 774 sp.
1147 695 1213 770 27.
1241 664 1393 772 Buffon
1415 671 1563 752 22221212.
1592 701 1634 784 p.
1657 684 1751 778 239.
1780 672 1960 757 tab.-13.

540 810 912 927 (pulcherrimae),
967 814 1239 902 D'oubenton.
1267 826 1372 901 icon.
1402 826 1529 905 color.
1559 851 1598 906 n.
1630 844 1723 907 ato.
1746 838 1841 927 462.
1865 838 1960 928 446.

546 968 736 1050 Lotbom.
764 996 859 1078 syn.
885 970 920 1051 Ι.
951 998 995 1081 p.
1021 979 1089 1054 63.
1116 999 1156 1051 n.
1188 980 1328 1052 esset
1356 1002 1396 1081 p.
1426 1007 1493 1082 72.
1534 1003 1619 1090 seq.
1661 1007 1701 1058 n.
1732 990 1798 1062 52.
1838 976 1960 1061 Ζ221.
2047 1005 2053 1017 “

545 1121 733 1202 222211.
761 1152 802 1231 p.
833 1132 926 1204 216.
955 1120 1012 1202 D.
1042 1151 1136 1203 222.
1166 1121 1214 1202 F.
1243 1142 1288 1203 22
1305 1123 1418 1232 forte
1447 1158 1487 1240 p.
1518 1159 1612 1210 222.
1640 1131 1692 1212 Ε.

485 1268 709 1384 Accipiter
732 1273 892 1371 fuscus,
921 1274 1076 1358 1122212.
1106 1303 1172 1356 oa.
1200 1273 1286 1357 tab.
1315 1295 1382 1384 74.
1412 1275 1571 1390 (junior
1596 1278 1726 1393 primi
1754 1279 1888 1391 anni.)

375 1421 520 1509 Rossis
546 1422 705 1508 femina
733 1428 969 1528 Kretschet,
1000 1436 1087 1513 mas
1113 1428 1333 1541 Tscltelig·
1346 1433 1623 1533 Kretschotoi3
1652 1433 1770 1518 albus
1795 1435 1958 1520 Tschst·

431 1588 630 1663 22222221-
648 1580 876 1663 Kretscloet.
932 1577 1165 1668 Baschl'riro
1185 1580 1361 1665 -tataris
1403 1613 1491 1666 mas
1531 1585 1761 1686 Schenkor,
1800 1585 1961 1671 femina

433 1730 599 1844 Itelgoe.
655 1733 813 1817 Jacutis
845 1734 990 1846 Urung
1006 1786 1021 1798 -
1036 1736 1121 1818 lsi'rc
1150 1733 1288 1844 (albus
1314 1735 1461 1843 falco).
1533 1736 1772 1822 Calmuccis
1812 1740 1960 1850 Spgal·

430 1893 532 1968 moi.
602 1885 792 1970 Lamutis
833 1887 1121 1998 Onnildogdn.
1198 1883 1534 1975 Camtschadalis
1578 1890 1962 2002 67212-82127221272

428 2035 556 2146 (21222
585 2034 730 2146 12122).

400 2191 515 2270 Inter
543 2186 778 2273 venatrices
817 2219 914 2274 aves
957 2213 1045 2275 arte
1081 2190 1312 2276 1212222212
1358 2190 1602 2278 nobilitates
1629 2191 1826 2307 princeps
1854 2196 1957 2306 Gyr-

255 2336 373 2424 falco
399 2359 464 2423 sat
499 2368 649 2454 magna
676 2339 801 2455 copia
828 2341 875 2426 in
904 2341 1085 2429 excelsis
1113 2338 1286 2458 rupibus
1325 2344 1541 2430 Uralensis
1583 2344 1692 2458 jugi,
1733 2367 1956 2430 tractuum·

255 2519 345 2607 que
374 2488 556 2579 Sibiriae
586 2495 850 2610 alpesttrium
878 2496 1112 2612 nidulatur,
1150 2525 1290 2613 neque
1319 2494 1477 2612 hyeme
1505 2495 1825 2611 temperatiores
1854 2495 1957 2585 situs

253 2642 436 2730 (2222221222
464 2647 681 2762 relinquit.
750 2646 972 2733 Baschlriri
1012 2649 1272 2736 12122222122
1314 2649 1551 2736 venationis
1595 2647 1872 2734 amantissimi
1912 2670 1958 2741 22

253 2797 529 2912 peritissimi,
556 2797 681 2911 hujus
708 2821 753 2884 et
779 2799 994 2915 sequentis
1023 2801 1152 2916 pullis
1181 2802 1433 2927 praesertim
1459 2800 1651 2904 inhiant,
1687 2830 1796 2918 eque
1825 2798 1952 2906 nidis,

252 2954 390 3038 arduo
418 2973 463 3037 22
488 2951 726 3068 periculoso
753 2954 920 3058 labore,
963 2953 1066 3040 loris
1093 2980 1314 3069 pereuntes
1343 2986 1433 3041 sese
1469 2957 1758 3052 sublevantes,
1795 2956 1872 3038 'vel
1891 2983 1953 3042 -ex

252 3107 347 3191 olto
373 3106 540 3191 funibus
568 3104 763 3203 demissi,
803 3105 994 3219 rapiunt;
1036 3106 1082 3191 in
1127 3136 1211 3220 quo
1234 3105 1370 3190 etiam
1398 3139 1423 3191 2
1449 3109 1583 3190 matre
1611 3107 1845 3191 cavendum
1875 3125 1951 3206 est,

250 3286 367 3374 quae
394 3260 591 3344 audacter
615 3257 763 3342 oculos
791 3257 1048 3371 rapientium
1088 3257 1297 3372 unguibus
1337 3257 1525 3375 impetit.
1596 3254 1835 3342 Falconarii
1880 3253 1954 3368 qui

251 3408 680 3526 212-221212272221211
710 3412 763 3494 ad
798 3410 1026 3525 capiendos
1066 3442 1144 3526 per
1185 3407 1477 3497 Baschlsiriam
1520 3409 1794 3524 Gyrlalcones
1836 3405 1952 3494 mitri
2047 3433 2050 3443 '

250 3565 397 3650 solent
419 3587 469 3650 et
491 3597 520 3647 a
548 3561 724 3649 Rossico
751 3559 875 3677 hujus
905 3563 993 3648 2212
1022 3560 1196 3649 nomine
1224 3565 1598 3675 (Kretsclretm'lsy),
1640 3560 1687 3646 in
1716 3559 1870 3676 apricis
1895 3562 1950 3646 ad

251 3711 432 3804 1222221222
461 3715 635 3800 fluvium
662 3713 867 3828 plurimos
892 3712 1018 3829 ‘hujus
1046 3739 1091 3801 et
1125 3714 1341 3831 sequentis
1369 3716 1538 3831 speciei
1582 3714 1757 3831 capiunt
1792 3713 1951 3803 retibus

252 3869 484 3985 suspensis,
526 3869 595 3952 vel
636 3867 831 3972 valvatis,
874 3865 1189 3970 mobilissimis,
1233 3869 1309 3951 sub
1351 3865 1502 3982 quibus
1545 3869 1754 3955 Columba
1778 3867 1949 3952 rivae

250 3996 445 4107 antem
472 4017 639 4105 vortat.
696 4025 812 4103 222
839 4017 918 4104 hos
941 4018 1168 4135 capiuntur
1192 4042 1237 4104 2
1256 4018 1412 4121 nutu,
1442 4018 1721 4116 assumas,
1742 4016 1947 4123 seniores,

250 4172 400 4261 1122212
432 4174 735 4266 Tschetvertnoi
761 4175 974 4258 Kretsclret
1001 4173 1129 4286 vulgo
1158 4170 1280 4259 dicti.
1335 4177 1498 4258 Tamen
1527 4194 1572 4256 et
1599 4168 1648 4254 hi
1676 4166 1947 4255 circurantur.

251 4330 340 4415 Sed
367 4326 562 4445 plerique
591 4327 703 4410 circa
731 4326 907 4410 Uralum
935 4325 1050 4440 capti
1075 4343 1173 4413 sunt
1200 4327 1317 4408 fusco
1331 4372 1346 4388 ·
1361 4323 1670 4408 cinerescentes
1697 4342 1744 4404 et
1770 4318 1957 4405 liturati.

249 4481 416 4570 Contra
441 4479 489 4564 -in
517 4463 714 4564 orientali
742 4474 896 4560 Sibirie
924 4498 968 4561 et
997 4474 1298 4565 Camtschatka
1326 4473 1624 4588 Gyrfalcones,
1658 4469 1722 4556 uti
1752 4493 1797 4556 et
1822 4474 1948 4555 Astu·

251 4662 342 4734 res,
369 4630 562 4749 plerique
591 4631 678 4714 lere
707 4628 815 4731 albi,
845 4627 1124 4733 nobilissimi,
1154 4624 1403 4718 fortitudine
1432 4648 1476 4710 et
1500 4622 1789 4742 pulcritudine
1819 4623 1947 4708 lalan-
2110 4657 2116 4680 .

252 4788 366 4873 dicis
393 4780 671 4901 praeferendi.
740 4788 856 4871 Haec
884 4781 1076 4873 omnium
1111 4778 1328 4897 rapacium
1364 4777 1567 4867 altissime
1610 4801 1656 4866 et
1697 4779 1784 4866 fere
1821 4795 1948 4862 22222
