4410 5910
253 457 341 545 ³72
1009 450 1172 503 ···““““““···’

226 636 427 775 ·pygium
457 668 518 743 6'‘.
548 660 619 743 3“‘.
661 655 831 742 Caudae
861 657 921 740 δ”.
957 658 1049 736 rom.
1092 654 1217 736 ulnae
1236 665 1243 676 '
1259 638 1416 733 alarum
1453 655 1514 758 7'.
1544 658 1616 736 6“‘.
1658 678 1940 766 expansarum

257 819 339 895 18⁶.
369 809 502 894 tibiae
538 813 592 893 1⁰.
629 811 722 888 11‘''.
777 805 1016 890 iunioribus
1044 807 1186 889 subtus
1207 824 1362 918 puncta
1383 804 1553 887 cordata
1574 824 1622 886 et·
1640 825 1822 916 guttata,
1853 803 1942 888 lon·

250 958 516 1071 gitudinalia.
571 963 813 1044 intestinum
839 957 1056 1071 bipedale3
1087 983 1213 1040 coeca
1242 956 1326 1038 duo
1354 952 1531 1039 minima
1559 957 1724 1040 adnata.
1799 958 1944 1067 Cystis

248 1109 398 1195 bilaria
429 1106 626 1196 ductibus
653 1141 795 1196 versus
824 1111 1065 1195 duodenum
1093 1104 1286 1219 geminis.
1318 1112 1377 1216 (¹³)

662 1444 722 1548 V·
811 1436 1526 1548 VULTURES.

388 1746 650 1831 cadaverum
680 1764 905 1826 sectatores
934 1765 978 1826 et
1010 1741 1095 1855 ipsi
1133 1737 1352 1823 teterrimo
1393 1737 1584 1824 carnium'
1620 1760 1666 1824 et
1704 1739 1941 1827 interaneo

250 1927 345 1982 rum
372 1900 502 1982 odore
532 1895 774 1980 cadaverosi
803 1899 844 1979 V
841 1905 1011 1998 ultores,
1056 1892 1303 2009 praesertim
1344 1891 1493 1976 calidis
1533 1890 1775 2004 regionibus
1817 1926 1842 1977 a
1876 1925 1944 1976 na·

250 2071 342 2132 tura
369 2044 521 2133 tributi
548 2047 766 2151 videntur,
807 2070 854 2130 ut
881 2068 1037 2130 terram
1065 2078 1089 2127 a
1114 2043 1295 2160 putridis
1332 2040 1584 2127 morticiniis
1613 2066 1809 2157 purgent.
1867 2052 1943 2129 Ita·

250 2226 335 2314 que
364 2202 476 2313 apud
504 2229 579 2284 nos
606 2200 732 2314 pauci
760 2221 804 2282 et
831 2220 996 2281 tantum
1024 2197 1070 2280 in
1098 2195 1445 2280 meridionalibua
1482 2195 1658 2311 Imperii
1703 2194 1859 2282 linibus
1885 2193 1943 2280 ri·

254 2372 372 2432 vunt.
444 2354 613 2434 Habent
648 2379 794 2434 omnes
828 2372 1024 2448 rostram,
1066 2350 1181 2465 quod
1208 2348 1339 2432 forma
1368 2351 1579 2462 quandam
1619 2345 1945 2435 similitudinem

255 2524 353 2583 cum
381 2500 480 2583 Lari
508 2501 577 2583 vel
606 2501 885 2586 Procellariae
915 2524 1049 2587 rostro
1078 2531 1150 2584 seu
1177 2500 1339 2615 aliquid
1369 2497 1593 2614 gallinacei
1630 2495 1781 2601 habet,
1827 2497 1933 2584 recti

255 2643 446 2734 riactrlum
473 2650 565 2735 basi
594 2673 638 2734 et
664 2652 999 2765 cylindraceum‚
1046 2674 1239 2737 extremo
1266 2674 1430 2735 tantum
1457 2653 1680 2736 aduncum.
1750 2650 1868 2736 llinc
1892 2651 1947 2735 al·

174 2779 177 2783 ¹
254 2799 426 2899 bicilla,
466 2830 575 2914 quae
609 2823 788 2888 rostrum
825 2801 954 2887 habet
991 2833 1087 2888 vere
1122 2803 1379 2916 aquilinum,
1421 2803 1533 2887 male
1570 2800 1737 2888 adhoc
1764 2818 1960 2917 genuaa'

256 2955 483 3037 Linnoeo
513 2955 643 3037 relata
671 2954 765 3037 fuit.
833 2955 1037 3039 Notabile
1066 2954 1196 3039 etiam
1225 2956 1463 3040 Vulturibuo
1488 2955 1589 3040 solis
1615 2955 1729 3041 inter
1755 2962 1947 3073 Rapaces

259 3132 333 3187 seu
360 3106 577 3220 Praepetea
612 3105 657 3188 in
692 3109 824 3189 cauda
866 3124 927 3209 14.
967 3134 1056 3188 esse
1098 3115 1297 3191 mettioeo.
1366 3108 1496 3222 Apud
1535 3138 1611 3192 nos
1650 3130 1738 3193 trec
1777 3108 1950 3195 omnino

255 3255 483 3357 Vultumm
511 3257 672 3373 species
699 3259 945 3342 observatae
974 3279 1083 3340 sunt.
1238 3246 1241 3251 ’

472 3496 558 3584 38.
646 3490 990 3582 VULTUR
1063 3490 1342 3583 barbatus
1402 3494 1544 3585 TAB.
1593 3492 1738 3584 XIII.

258 3688 261 3693 '
392 3682 456 3761 V.
478 3675 659 3790 capistro
687 3679 899 3790 barbaque
927 3676 1049 3791 gulae
1085 3699 1219 3762 setosa
1256 3678 1410 3792 nigris,
1451 3709 1627 3794 corpore
1664 3681 1789 3781 albo,
1827 3682 1946 3767 dotto

255 3827 376 3909 fusco
402 3822 633 3910 rhachibus
661 3827 781 3912 albis.

323 4169 379 4258 (*)
407 4169 465 4236 Ad
491 4168 700 4239 inferiorem
724 4172 909 4258 Argunum
935 4171 1232 4261 diligentissimus
1258 4175 1439 4264 quondam
1467 4178 1653 4247 studiosus
1681 4188 1720 4250 et
1746 4179 1834 4248 dein
1860 4182 1946 4248 Aa·

407 4291 569 4360 demicus
595 4314 631 4381 p.
659 4313 707 4360 m.
746 4288 886 4360 Nicator
918 4291 1135 4376 Sokoiofe
1160 4296 1358 4393 longinquo
1384 4298 1619 4386 observavit,
1647 4301 1713 4369 aeti
1745 4302 1876 4393 aelopo
1892 4308 1944 4369 at·

406 4416 548 4502 tingere
573 4434 646 4481 non
671 4417 793 4503 potuit
816 4413 1007 4482 Falconem
1033 4417 1094 4483 vel
1121 4422 1347 4507 Accipitrem
1374 4419 1594 4508 peculiarem
1620 4423 1668 4493 tia
1692 4446 1769 4521 quo
1788 4428 1866 4515 ejas
1888 4422 1946 4491 ad·

411 4537 638 4601 notationem
665 4553 830 4623 appono:
870 4530 986 4607 rotatu
1013 4536 1210 4636 habituque
1242 4538 1369 4607 similia
1402 4545 1582 4628 Accipitri
1619 4544 1792 4613 variabili
1828 4543 1943 4615 teuco-

409 4653 551 4744 phaeo,
591 4654 656 4720 aed
695 4658 840 4740 minor;
878 4671 975 4748 caput
1013 4678 1140 4746 cupra,
1181 4663 1366 4749 dorsumque
1393 4666 1488 4730 inter
1524 4661 1601 4729 alat
1633 4671 1672 4732 et
1697 4666 1838 4767 alarum
1863 4662 1942 4729 lares

408 4780 531 4863 nigra,
569 4774 630 4841 vel
668 4774 797 4844 fusco·
782 4780 924 4865 migra.
989 4776 1247 4847 Pomeridianit
1280 4776 1381 4849 horia
1406 4786 1564 4849 maxime
1593 4784 1725 4895 volat,
1767 4786 1940 4879 copiosior

411 4895 510 4965 circa
534 4896 741 4987 Argumkoi
767 4906 911 4995 ottroffi
937 4920 1046 4996 cupra
1070 4898 1291 4972 zuruchaitu
1316 4924 1391 4973 non
1415 4910 1615 4993 apparet
1688 4906 1695 4915 ’
