4410 5910
1031 262 1184 337 ’ἐξ
1851 283 1950 370 ert
2060 289 2064 297 ·

243 515 444 603 .·'110.
532 506 1042 602 MOTACILL'A
1114 504 1464 604 martianello.
1520 512 1664 607 TAB.
1701 510 1895 608 XXVI.

396 661 456 738 M.
486 684 607 769 supra
636 683 786 768 gryseo
812 654 1017 768 nigroque
1046 654 1188 757 varia,
1217 658 1362 742 subtus
1387 656 1713 776 superciliisque
1737 659 1945 745 latescen-

255 805 533 906 sibus,c0110
562 803 757 916 utrinque
787 834 915 905 cano,
954 805 1117 891 vertice
1146 803 1278 920 nigre.

474 957 580 1040 Poll.
611 963 698 1038 itin.
726 958 803 1038 III.
832 957 1006 1070 append.
1036 990 1077 1069 p.
1105 971 1200 1064 695.
1230 990 1269 1043 η.
1305 992 1366 1044 ra.

474 1103 676 1189 Sibiriam
704 1106 918 1208 Warbler,
949 1111 1139 1191 Lotkonr.
1167 1138 1262 1220 syn.
1291 1111 1364 1192 IV.
1394 1142 1432 1224 p.
1463 1123 1559 1215 456.
1587 1143 1630 1196 n.
1658 1124 1725 1198 56.

392 1261 442 1340 In
470 1255 644 1368 regione
669 1277 782 1339 trans
796 1305 810 1320 ·
824 1255 1080 1355 baicalensi,
1121 1288 1217 1343 cum
1254 1251 1654 1396 Cocmthrpusdbua
1681 1284 1952 1376 congregata,

255 1412 331 1497 aub
372 1411 498 1492 finem
543 1404 761 1491 Februarii
801 1406 971 1522 copiose
1013 1411 1212 1493 adventat
1246 1431 1290 1493 et
1317 1409 1417 1492 dein
1445 1440 1521 1523 per
1547 1409 1666 1524 paria
1692 1410 1738 1497 in
1767 1411 1945 1498 arbustis

254 1559 523 1675 dispergitur.
579 1559 650 1640 Ad
677 1557 886 1642 Jeniseam
913 1581 957 1642 et
984 1561 1231 1645 Abacanum
1258 1563 1300 1643 11
1333 1559 1553 1662 rariorem,
1583 1564 1657 1646 sed
1675 1562 1827 1668 *colore
1854 1562 1945 1677 pul·

255 1709 434 1799 criorem
462 1731 506 1792 et
533 1708 668 1821 magis
692 1738 931 1823 expressam
959 1709 1180 1794 observavi
1207 1731 1422 1794 aurumne.
1478 1717 1528 1795 In
1556 1709 1821 1797 citerioribus
1842 1743 1945 1799 nun·

255 1891 381 1976 quam
408 1860 497 1947 risa
524 1885 601 1947 est.
659 1861 817 1947 Cantus
844 1859 1047 1945 notabilis
1070 1861 1223 1945 nullus.
1294 1863 1425 1977 Apud
1452 1884 1640 1949 auctores
1666 1864 1826 1949 nullam
1855 1865 1942 1947 iere

254 2020 344 2127 ejus
371 2011 612 2127 vestigium.

269 2235 274 2241 .
388 2167 563 2250 Descr.
624 2161 872 2276 Magnitudo
899 2162 1026 2274 paulo
1055 2190 1177 2275 supra
1217 2164 1460 2247 Rubetram.
1530 2167 1722 2250 Rostrum
1761 2162 1944 2279 nigrum,

252 2316 345 2411 basi
370 2314 708 2417 crassiusculum,
738 2311 840 2399 dein
865 2309 956 2398 cito
983 2315 1257 2396 adtenuatum
1284 2312 1331 2396 in
1358 2314 1565 2399 subulam.
1619 2317 1751 2402 Irides
1777 2343 1947 2428 gryseo·

252 2470 406 2557 luteae.
475 2471 637 2579 Lingua
677 2487 869 2551 extremo
899 2461 1210 2575 angustissima,
1254 2467 1596 2564 membranacea,
1628 2465 1757 2580 ‘apice
1798 2466 1949 2552 bifida.

255 2625 393 2737 Caput
420 2617 581 2702 vertice
609 2619 727 2702 fusco
741 2666 756 2680 ·
769 2613 956 2727 nigrum
996 2623 1129 2725 strigo
1166 2613 1450 2728 supraciliaria
1482 2638 1527 2703 et
1549 2623 1658 2731 gule
1691 2617 1947 2732 quibusdam
2123 2636 2128 2645 ’

254 2770 430 2870 ochrea,
461 2765 557 2850 aliis
570 2768 754 2881 pallida.
787 2775 919 2852 Aures
932 2761 1091 2878 nigrae.
1131 2766 1296 2849 Collum
1316 2763 1512 2880 utrinque
1528 2797 1624 2853 area
1636 2769 1801 2854 laterali
1822 2798 1945 2865 cana·

252 2925 433 3010 Dorsum
457 2921 534 3002 sub
562 2939 816 3016 testaceum,
842 2914 981 3000 lituris
1007 2912 1384 3026 longitudinalibus
1404 2917 1543 3002 fineis
1604 2920 1871 3033 Urepygium
1884 2917 1944 3005 ci·

253 3102 440 3181 nereum.
495 3069 645 3154 Subtus
670 3089 760 3152 tota
787 3063 1065 3180 pallidissime
1095 3062 1274 3166 ochram
1310 3067 1445 3179 juguli
1484 3069 1644 3183 plumis
1668 3066 1766 3155 basi
1797 3066 1946 3155 fuscia.

251 3227 360 3311 Alae
400 3222 566 3321 fuscae,
607 3216 759 3330 pennis
800 3238 922 3301 extus
962 3214 1224 3329 subgryseis3
1276 3215 1472 3304 tectricea
1511 3217 1780 3323 secundariae
1819 3216 1945 3332 apice

224 3430 229 3437 -
252 3374 387 3461 albae.
443 3370 590 3454 Cardo
617 3366 901 3479 longiuscula,
929 3365 1212 3468 cinerescens,
1242 3366 1488 3454 rectricibus
1511 3403 1551 3453 a.
1574 3368 1727 3453 mediis
1753 3389 1798 3451 et
1811 3367 1942 3452 utrin-

251 3552 334 3638 que
363 3521 523 3606 extima
562 3515 838 3602 brevioribus.
907 3517 1037 3602 Pedes
1077 3518 1122 3602 in
1161 3519 1343 3604 maribus
1383 3515 1627 3621 rubicundi,
1668 3518 1715 3602 in
1755 3518 1942 3605 foemina

250 3682 406 3759 comeo
419 3722 433 3735 -
447 3672 739 3753 fuscescentes.
802 3667 997 3750 Foemino
1023 3667 1165 3752 colore
1193 3668 1434 3754 exsoletior.
1502 3668 1720 3782 Quaedam
1746 3667 1942 3788 specimi-

250 3851 308 3909 na
334 3820 544 3906 coloribus
572 3817 776 3900 eminent.
844 3818 1009 3903 Pondus
1043 3816 1336 3901 drachmarum
1365 3832 1404 3904 5.
1434 3818 1488 3900 ad
1516 3831 1555 3904 6.
1625 3820 1859 3933 lemnado
1887 3816 1941 3903 ad

250 3967 502 4088 aropygium
531 3974 591 4058 δ”.
622 3974 693 4053 6’”.
722 3967 879 4048 caudae
909 3967 968 4050 2⁰.
997 3972 1088 4074 Ψ.
1118 3968 1277 4052 alarum
1304 3992 1581 4080 expansarum
1607 3969 1668 4077 γ’.
1697 3971 1789 4054 ιο”’.
1815 3969 1939 4054 ulnae

253 4124 315 4208 i‘.
345 4125 434 4233 75⁹.
462 4119 587 4207 rostri
616 4119 687 4204 6“‘.
715 4114 846 4200 tibiae
875 4117 963 4207 δί’.
991 4114 1118 4231 digiti
1145 4114 1279 4203 medii
1316 4121 1433 4224 (cum
1460 4145 1600 4232 ungue
1634 4127 1738 4232 rim.)
1768 4123 1839 4206 Bm.
1866 4147 1940 4234 po-

246 4271 346 4359 rtici
375 4278 505 4384 (arm.)
535 4274 623 4360 W·
1325 4262 1328 4267 ’
1540 4312 1544 4319 ·

387 4425 430 4508 Ν
439 4443 540 4507 ota.
596 4417 779 4501 Videtur
812 4418 992 4502 eandem
1018 4414 1131 4502 inter
1157 4422 1271 4504 Area
1298 4414 1522 4505 Americae
1548 4417 1730 4506 borealis
1756 4417 1938 4532 descrip-

248 4542 351 4663 sisse
378 4576 586 4659 Forster
611 4566 657 4652 in
686 4575 779 4651 Act.
807 4574 920 4681 angl.
965 4560 1058 4655 Vol.
1093 4571 1241 4654 LXIV.
1282 4603 1324 4685 p.
1353 4583 1449 4676 416.
1521 4568 1766 4656 Similitudo
1806 4567 1938 4653 etiam

250 4726 392 4841 aliqua
418 4721 576 4829 iconis„
604 4750 732 4836 quam
757 4749 835 4836 pro
861 4720 1033 4808 Araura
1059 4731 1241 4837 protensi
1264 4717 1443 4808 exhibet
1458 4721 1665 4836 Zoologi'a
1681 4719 1937 4807 ‘brunnum
