4410 5910
256 393 347 478 450
1036 394 1183 442 ==

253 617 297 678 et
323 592 489 678 Persiae
516 591 590 677 ubi
619 615 708 676 tota
737 591 892 706 hyeme
922 592 1078 677 residet
1106 614 1149 675 et
1177 593 1278 676 suda
1306 612 1555 707 tempestate
1592 592 1807 692 carrtillat‚
1847 591 1943 706 gelu

251 767 369 837 certo
395 745 672 860 praesagiens,
703 748 777 829 sed
805 745 912 828 ultra
934 745 1136 830 Uralense
1165 749 1307 855 jugum
1335 772 1474 858 neque
1504 743 1614 829 mihi
1640 750 1847 858 unquam,
1874 771 1945 827 ne·

251 927 332 1012 que
362 896 694 982 antecessoribus
722 900 862 983 oblata
892 896 985 980 fuit.
1052 903 1215 1009 Hyeme
1244 918 1369 978 cantu
1397 894 1594 1007 ingruens
1622 895 1753 1009 frigus
1782 923 1943 1011 praesa·

251 1048 327 1164 git.
383 1054 602 1163 Aquarum
631 1048 832 1134 viciniam
863 1071 987 1132 amat.
1041 1052 1259 1132 Autumno
1287 1049 1406 1132 tarde
1436 1049 1489 1131 ad
1517 1068 1705 1130 austrum
1731 1046 1897 1159 migrat.

256 1286 259 1290 .
387 1203 431 1284 N
436 1222 536 1289 uta.
594 1206 690 1284 Ano
726 1215 840 1313 1773.
881 1204 1085 1284 Merulam
1111 1198 1237 1313 plane
1268 1208 1427 1283 niveam
1453 1198 1595 1282 vivam
1623 1196 1715 1282 vidi
1742 1202 1944 1281 Moscuae

251 1357 364 1474 apud
393 1351 724 1468 Botanophilum
753 1352 961 1436 eximium
989 1352 1232 1464 Procopium
1259 1353 1522 1469 Demidof,
1549 1372 1657 1465 quae
1685 1380 1784 1434 cum
1811 1346 1944 1470 tribus

250 1506 367 1610 aliis,
397 1504 550 1589 itidem
581 1503 708 1605 albis,
746 1502 791 1585 in
820 1501 994 1617 regione
1024 1499 1138 1584 urbis
1165 1503 1368 1587 Jaroslavl
1394 1501 1441 1586 in
1469 1501 1572 1587 nido
1599 1501 1774 1586 inventa
1801 1498 1896 1584 fuit.

261 1736 265 1743 .
413 1690 500 1782 90.
596 1663 641 1751 T
668 1663 710 1751 u
738 1665 775 1750 a
804 1636 849 1752 'D
877 1663 976 1750 us
1049 1663 1398 1752 concoctum.
1462 1663 1605 1751 aaa.
1644 1662 1786 1752 XXI.
1836 1694 1853 1723 κ

355 1813 411 1903 Τ.
442 1807 582 1920 niger,
613 1804 741 1889 fascia
771 1807 951 1901 alarum,
979 1802 1236 1917 superciliis,
1274 1804 1486 1921 crissoque
1516 1805 1635 1890 albis.

469 1961 636 2042 Turdus
677 1955 819 2069 niger,
863 1957 991 2071 ductu
1018 1955 1280 2068 supraciliari
1307 1980 1351 2041 et
1378 1961 1453 2044 sub
1490 1956 1568 2041 alis
1595 1959 1717 2063 albo,
1760 1957 1943 2072 tungusi·

526 2141 620 2208 cus,
647 2137 844 2210 canorus,
874 2109 1152 2192 Messersclrm.
1183 2138 1269 2191 orn.
1298 2111 1388 2192 MS.
1419 2112 1511 2193 Vll.
1548 2124 1664 2216 1093.
1702 2144 1792 2222 ¹7⁰·
1837 2113 1943 2196 Mus.

527 2263 765 2377 Petropolit.
794 2294 835 2376 p.
865 2275 960 2365 416.
990 2292 1031 2344 a.
1067 2295 1127 2341 11.

469 2415 637 2495 Turdus
665 2410 881 2513 sibiricus,
911 2413 1018 2496 Pall.
1047 2420 1135 2495 itia.
1164 2414 1240 2494 Ill.
1288 2445 1329 2527 p.
1360 2425 1453 2517 694.
1485 2414 1659 2530 append.
1689 2445 1730 2498 u.
1767 2446 1828 2498 ιο.
1870 2416 1941 2496 la·

529 2567 658 2647 tham.
688 2594 754 2647 av.
787 2565 864 2647 III.
895 2596 936 2678 p.
965 2577 1032 2648 31.
1060 2596 1101 2647 a.
1131 2576 1196 2647 26.
1243 2563 1415 2647 Gmelin.
1442 2584 1548 2676 syst.
1574 2568 1666 2650 Lin.
1694 2569 1753 2650 ΙΙ.
1780 2599 1824 2680 p.
1852 2576 1942 2652 815.

529 2745 592 2830 sp.
622 2727 690 2817 46.

268 2923 273 2930 -
366 2864 598 2977 Samojedis
625 2863 699 2978 qui
726 2868 841 2949 Laak
855 2864 1067 2967 dicuntur,
1096 2867 1297 2952 Pallsclre.
1357 2870 1507 2980 Deng·
1521 2865 1691 2953 ostiacis
1722 2869 1941 2980 Ssugwdlr.

420 3016 610 3102 Buraetis
642 3019 936 3109 Tacharttrat„

394 3166 567 3282 Species
594 3167 794 3261 orientali
830 3167 1010 3252 Sibiriae
1049 3167 1293 3283 peculiaris,
1334 3168 1519 3254 maxime
1546 3170 1594 3254 in
1621 3168 1864 3257 borealibus
1889 3169 1941 3255 ad

254 3304 539 3407 teniseamet
566 3323 726 3402 Lenam
736 3379 750 3418 ,
778 3318 890 3405 circa
917 3322 1186 3433 Tunguskam
1214 3321 1398 3407 mediam
1426 3344 1470 3405 et
1493 3318 1764 3418 inferiorem,
1792 3320 1840 3406 in
1866 3321 1943 3436 syl·

257 3471 322 3558 ris
350 3468 609 3557 densissimis
636 3491 679 3553 et
705 3466 927 3582 uliginosis
969 3494 1170 3556 aestatem
1211 3472 1465 3586 transigens,
1505 3471 1725 3559 lumbricis
1765 3501 1944 3589 praeser-

257 3622 338 3707 tim
381 3621 592 3707 victitans.
664 3620 780 3706 Mihi
820 3620 865 3705 in
908 3620 1094 3706 Davuria
1135 3626 1266 3707 semel
1309 3623 1484 3709 omnino
1512 3625 1674 3728 oblata,
1718 3630 1821 3709 dum
1847 3648 1941 3708 vera

258 3770 582 3886 transmigraret.
638 3774 794 3859 Nidum
822 3772 1044 3887 descripsit
1070 3778 1120 3857 M
1125 3777 1485 3879 esserscbmid,
1515 3773 1581 3858 bis
1610 3774 1656 3858 in
1681 3775 1787 3859 Alni
1815 3772 1941 3891 pumi-

260 3927 326 4008 lae
355 3922 514 4007 vertice
543 3924 656 4009 inter
683 3923 840 4039 primos
868 3954 1003 4009 ramos
1033 3947 1264 4040 repertum,
1307 3956 1331 4010 e
1371 3929 1463 4010 luto
1505 3948 1549 4010 et
1587 3924 1824 4011 intertexto
1862 3953 1941 4039 gra·

259 4074 374 4158 mine
402 4074 521 4189 quasi
549 4075 727 4190 plastice
752 4073 1027 4188 glutinatum,
1056 4075 1242 4191 stipulis,
1272 4076 1392 4160 molli
1414 4075 1601 4189 gramine
1625 4099 1669 4160 et
1697 4074 1814 4162 foliis
1840 4058 1942 4161 com·

260 4224 434 4310 minutis
462 4248 648 4311 stratum.
706 4224 800 4311 Ova
829 4226 882 4309 ad
908 4254 1026 4329 sena,
1057 4225 1301 4340 aeruginose
1330 4226 1506 4332 viridia,
1537 4226 1714 4312 maculis
1742 4228 1859 4315 fusco
1883 4257 1940 4312 ru·

260 4379 308 4460 fis
337 4408 487 4492 sparsa.

366 4524 567 4612 'Descn
626 4528 874 4640 Magnitudo
901 4534 953 4611 T.
980 4525 1145 4613 musici.
1223 4533 1354 4616 Iridcs
1381 4526 1499 4616 fusco
1527 4529 1799 4616 latescentes.
1853 4531 1941 4615 Cat·

260 4708 337 4792 pus
375 4676 561 4795 nigrum,
604 4680 747 4766 subtus
783 4701 827 4762 et
856 4681 908 4763 ad
936 4680 1067 4763 latera
1094 4678 1250 4798 plumis
1277 4680 1369 4766 basi
1396 4681 1592 4769 cinereo·
1610 4682 1767 4769 albidis
1795 4679 1939 4768 obsole·

261 4829 364 4933 tius3
406 4828 630 4938 inlumina
656 4851 795 4918 totum
821 4829 1043 4920 luscidum.
1118 4833 1294 4922 Tractus
1323 4835 1520 4949 utrinque
1548 4840 1832 4948 supraciliaris
1842 4892 1857 4934 ,
1889 4827 1938 4912 lt·
