4410 5910
253 436 347 545 34⁶
662 512 666 516 -
711 386 715 393 ¹
1029 453 1187 507 ΕΞ

258 689 340 776 que
369 657 516 775 pineta
543 680 587 744 et
614 656 802 743 betulcta
830 657 1008 758 dantur,
1038 649 1347 765 frequens-est,
1377 651 1534 768 hyeme
1563 685 1612 742 ac
1640 679 1823 761 aestate,
1860 659 1949 774 ple·

260 842 435 928 rumque
465 809 677 910 solitaria3
708 798 801 895 Sed
819 804 1077 921 rigidissimo
1106 805 1204 918 gelu
1236 830 1513 922 congregatae
1543 812 1597 895 ad
1623 840 1752 925 pagos
1781 834 1827 894 et
1854 809 1950 897 hor-

256 992 327 1047 rea
355 965 575 1050 accedunt.
646 959 873 1046 Hominem
917 990 1003 1044 non
1031 958 1196 1044 timent.
1266 959 1462 1044 Picorum
1501 959 1633 1046 instar
1658 960 1705 1045 in
1735 962 1952 1047 arboribus

254 1136 457 1230 reptant,
498 1113 702 1229 brevique
731 1136 775 1197 et
803 1113 1062 1199 subsultante
1092 1113 1236 1196 volatu
1263 1143 1318 1197 ex
1346 1143 1429 1197 una
1456 1114 1501 1197 in
1531 1114 1707 1198 alteram
1735 1115 1954 1218 feruntur,

255 1294 408 1350 vocem
436 1268 611 1352 edentes
640 1297 736 1350 cum
765 1264 944 1348 stridore
973 1261 1168 1367 sibilam,
1212 1264 1461 1370 unisonam,
1483 1242 1756 1380 abruptam,
1800 1297 1951 1351 raram.

258 1419 428 1504 Cavcae
478 1416 662 1502 inclusus
704 1416 861 1501 dormit
901 1446 1023 1529 supra
1062 1415 1131 1498 vel
1160 1423 1213 1501 ad
1253 1417 1363 1503 latus
1402 1447 1649 1534 suspensus,
1707 1440 1955 1502 transverso

256 1598 462 1683 corpore,
494 1571 662 1654 deflexo
690 1567 844 1683 capite.
902 1569 1051 1675 Gauda
1078 1596 1166 1688 non
1192 1567 1417 1674 innititur,
1446 1593 1493 1655 nt
1520 1567 1625 1655 Pici.
1683 1576 1798 1654 Ictus
1827 1568 1953 1656 rostri

248 1719 416 1835 ¹debiles
444 1743 487 1805 et
514 1719 702 1806 imbellis
743 1719 916 1804 animus.
989 1717 1188 1803 Latcbras
1217 1744 1329 1804 amat
1356 1744 1401 1806 et
1439 1718 1696 1806 dexterrime
1741 1719 1953 1836 angustias

253 1894 491 1987 perreptat,
522 1871 684 1972 araneis
712 1872 958 1987 praesertim
986 1868 1171 1955 inhians.
1229 1871 1440 1957 Cannabis
1469 1871 1699 1957 seminibus
1729 1871 1852 1958 haud
1870 1871 1953 1957 illi·

247 2025 403 2139 ¹benter
431 2023 628 2112 vescitur.
698 2023 856 2108 Martio
891 2020 1110 2138 pruriunt,
1152 2045 1345 2139 tumque·
1367 2023 1674 2138 frequentiores
1718 2047 1952 2140 apparent,

250 2176 375 2290 ¹quasi
413 2176 694 2291 migraturae,
734 2196 779 2259 et
807 2175 974 2259 vocales
1005 2173 1138 2286 magis
1166 2198 1276 2259 sunt.
1348 2176 1538 2261 Buraetis
1579 2200 1623 2262 et
1650 2175 1866 2292 Tungusis
1893 2208 1952 2261 sa·

249 2358 325 2444 cra
354 2327 469 2432 avis,
505 2359 639 2444 quam
667 2326 754 2414 illis
783 2328 901 2411 nefas
928 2322 1139 2411 occidere.
1212 2330 1296 2412 Sed
1325 2325 1361 2411 si
1389 2357 1487 2412 casu
1516 2351 1758 2451 mortuum,
1798 2330 1871 2413 vel
1899 2329 1952 2412 ab

252 2479 339 2564 alio
367 2490 554 2564 occisum
583 2476 850 2595 acceperint,
891 2476 1091 2562 dicuntur
1136 2508 1285 2591 corpus
1328 2478 1507 2593 fuligine
1537 2502 1580 2565 et
1608 2509 1800 2565 cremore
1830 2477 1953 2564 lactis

252 2631 465 2745 repletum
493 2653 540 2716 et
565 2629 759 2715 betulino
788 2636 945 2715 cortice
973 2629 1221 2713 obvolutum
1249 2629 1346 2714 loco
1373 2631 1515 2715 calido
1543 2660 1714 2716 servare
1720 2692 1735 2730 ,
1765 2653 1813 2715 ut
1830 2661 1952 2716 com·

254 2804 497 2896 putrescat,
539 2813 621 2896 qua
648 2782 804 2866 deinde
845 2778 1102 2896 putrilagine
1130 2779 1331 2865 inunctas
1372 2780 1549 2897 sagittae
1579 2762 1752 2899 septico
1783 2809 1951 2868 veneno

245 2933 417 3051 pollere
447 2930 669 3034 dicuntur,
695 2932 756 3018 ita
783 2932 1022 3050 praesenti,
1053 2955 1100 3016 ut
1126 2963 1256 3048 parvo
1284 2933 1458 3019 vulnere
1479 2957 1592 3022 tacta
1616 2932 1823 3021 animalia
1844 2934 1950 3020 intra

251 3085 473 3171 bihorium
505 3104 705 3187 enecent3
747 3114 908 3201 eaque,
953 3081 1035 3168 nisi
1063 3085 1205 3168 statim
1232 3108 1328 3200 post
1355 3108 1539 3171 mortem
1562 3086 1680 3172 locus
1709 3088 1952 3173 vulneratus

254 3240 546 3340 exscindatur,
576 3237 782 3333 citissime
808 3235 978 3352 putrida
1006 3258 1050 3319 et
1078 3258 1169 3319 atra
1192 3236 1316 3323 reddi
1343 3235 1650 3351 perhibentur,
1680 3267 1758 3322 esu
1783 3266 1949 3354 quoque

251 3387 397 3477 noxia.
466 3389 575 3499 (vid.
618 3388 847 3474 Stralsand.
919 3391 1091 3501 Magoa.
1122 3394 1205 3487 vol,
1233 3392 1265 3474 1.
1294 3422 1335 3505 p.
1366 3397 1495 3502 353.)
1567 3392 1843 3476 Gmeliaus
1868 3421 1948 3476 sen·

254 3547 421 3626 Iacutos
450 3539 652 3654 sanguine
679 3563 723 3624 et
750 3569 875 3625 carne
903 3538 1037 3624 Sittae
1064 3538 1181 3624 idem
1209 3562 1418 3656 praestare
1432 3541 1623 3655 prodidit
1646 3544 1848 3649 (itinerar.
1874 3545 1947 3626 m.

253 3726 294 3808 p.
326 3701 454 3805 ὅθι)
519 3695 971 3779 Messersclrmidio
999 3691 1179 3775 relatum
1206 3693 1312 3776 fuitr
1356 3693 1483 3777 assari
1511 3693 1557 3778 in
1586 3723 1685 3776 eum
1712 3695 1847 3780 finem
1874 3692 1948 3780 Sit·

253 3865 342 3926 tam
372 3873 469 3928 cum
495 3842 754 3957 pinguedine
783 3853 1069 3959 cujuscunque
1094 3812 1319 3949 animalis,
1346 3843 1431 3931 nisi
1455 3843 1558 3929 ursi.

390 3996 563 4080 Descr.
592 3997 841 4109 Magnitudo
861 3994 1097 4082 Lusciniae.
1140 3998 1334 4082 Rostrum
1356 3996 1658 4102 rectissimum,
1686 4000 1945 4102 subulatum,

256 4173 521 4248 convexum,
579 4144 699 4259 apice
742 4146 955 4263 superiore
997 4150 1071 4233 vix
1113 4144 1305 4260 longiore
1361 4148 1666 4235 coerulescenti
1682 4200 1696 4214 ·
1711 4149 1946 4267 nigricans,

254 4295 432 4382 maxilla
472 4295 674 4381 inferiore
716 4299 807 4384 basi
847 4301 1123 4414 pallescente.
1193 4304 1356 4413 Lingua
1393 4300 1546 4417 plana,
1602 4305 1946 4401 membranacea,

255 4447 376 4564 apice
403 4445 727 4535 bifido-lacera.
784 4450 993 4535 Vibrissoe
1020 4473 1189 4536 tenerae
1217 4420 1339 4567 supra
1365 4451 1449 4536 oris
1478 4455 1673 4568 angulos,
1711 4454 1944 4570 densaeque

255 4630 379 4715 supra
407 4628 541 4684 nares.
611 4604 752 4717 Striga
778 4602 897 4718 nigra
925 4634 950 4685 a
974 4599 1145 4687 naribus
1172 4626 1289 4688 trans
1313 4576 1458 4691 oculos
1486 4627 1537 4689 et
1556 4632 1674 4690 aures
1704 4607 1857 4706 ducta,
1893 4607 1943 4689 la·

257 4750 424 4865 tiorque
451 4780 527 4866 per
553 4752 656 4837 colli
685 4757 817 4840 latera
845 4756 1131 4859 descendens,
1172 4753 1282 4840 insra
1311 4785 1437 4872 quam
1466 4755 1625 4843 collum
1654 4759 1802 4843 subtus
1829 4753 1941 4843 albis·

258 4897 425 4989 simum.
488 4907 624 5020 Sapra
650 4905 740 4993 avis
766 4929 857 4994 tota
884 4906 1197 5017 coerulescens,
1240 4910 1383 4998 subtus
1410 4907 1619 4996 sordidius
1648 4909 1773 5018 alba,
1813 4908 1859 4996 iu
1885 4905 1940 4991 Si-
