4410 5910
1037 350 1186 405 a
1707 362 1715 372 ’
1866 360 1961 444 ²95

256 557 464 657 „caudam
491 573 535 638 et
561 545 763 669 tripedali
792 553 845 636 ab
873 580 956 640 ano
981 551 1184 639 distantia
1207 561 1367 672 species
1399 563 1552 675 pinnas
1584 556 1694 643 alba.
1765 559 1956 655 Geuitala

255 722 340 812 „15
369 705 550 823 pollices
579 729 677 791 ante
706 735 853 804 anum,
879 701 994 787 inter
1018 703 1122 791 duos
1149 705 1394 812 colliculus,
1430 713 1587 823 glande
1612 710 1797 815 triloba,
1842 712 1957 801 lobis

256 858 434 963 „acutis
489 860 700 972 Pinguedo
727 857 775 943 in
800 879 895 944 toto
920 882 1095 971 corpore
1124 861 1285 964 oleosa,
1316 859 1456 963 diveas
1483 891 1576 948 ossa
1600 863 1750 950 solida.
1808 870 1952 948 Ema-

256 1012 395 1117 „xilla
421 1043 468 1098 os
509 1013 725 1126 quoddam
762 1011 916 1129 pedale
957 1011 1144 1097 Insulani
1186 1013 1241 1100 ad
1285 1009 1431 1099 hastas
1469 1016 1655 1106 marinas
1691 1014 1952 1103 adhibent.“

256 1167 316 1250 D.
345 1168 396 1251 M
401 1171 498 1254 erlt.

584 1527 837 1635 XXXVI.
921 1526 1622 1641 CERATODON.

395 1783 576 1872 Unicam
615 1786 663 1871 in
703 1818 778 1875 suo
822 1817 977 1906 genere
1017 1790 1206 1908 speciem
1244 1793 1292 1881 iu
1334 1799 1418 1881 fine
1458 1798 1615 1883 Classis
1652 1796 1949 1908 Laetiferorum

255 1938 508 2025 nostratium
538 1942 661 2025 addo.

548 2085 671 2171 151.
763 2077 1295 2175 CERATODON
1366 2087 1657 2178 Monodon.

396 2224 448 2314 C.
476 2224 606 2309 dente
627 2223 814 2342 simplici
834 2225 1071 2314 rectissimo
1092 2252 1288 2316 contorto
1308 2231 1453 2331 rostri,
1479 2231 1684 2318 ¹alterutro
1697 2229 1948 2317 abortiente.

478 2383 730 2464 Monoceros
770 2378 927 2495 piscis,
972 2382 1195 2496 thtugtb.
1237 2389 1363 2471 ichtlr.
1405 2418 1447 2499 p.
1476 2403 1545 2491 4²·
1588 2385 1673 2470 tab.
1706 2388 1762 2470 A.
1797 2391 1880 2496 lig.
1910 2415 1949 2467 a.

532 2533 626 2650 Raj.
655 2540 757 2646 piso.
785 2565 825 2647 p.
861 2570 923 2618 rr.

477 2683 698 2770 Unicornu
727 2683 960 2787 marinum,
987 2690 1221 2778 Chariclen.
1248 2720 1382 2778 exerc.
1413 2721 1512 2807 pag.
1541 2707 1609 2801 47.
1654 2689 1804 2775 Worm.
1844 2664 1950 2771 inus

533 2869 631 2954 P‘lS‘·
662 2853 754 2926 2³²·
1543 2946 1548 2955 .

476 2988 700 3095 Narhwal‚
731 2995 865 3078 Klein.
893 3001 995 3110 pite.
1024 3002 1135 3078 miss.
1164 2998 1220 3077 Π.
1250 3028 1349 3110 pag.
1386 3008 1446 3081 ιδ.
1482 2995 1569 3081 tab.
1600 3029 1639 3079 2.
1667 2997 1755 3110 fig.
1784 3022 1821 3078 c.
1864 2995 1951 3077 An·

532 3143 638 3228 ders.
668 3145 817 3229 uland.
846 3176 889 3262 p.
919 3158 1012 3232 225.
1054 3147 1239 3230 Martens
1265 3146 1394 3259 spizb.
1425 3178 1467 3259 p.
1496 3163 1564 3252 94.

476 3298 692 3382 Monodon
721 3301 994 3401 Monoceros,
1023 3301 1112 3381 Lin.
1141 3318 1247 3410 syst.
1276 3299 1373 3380 ΧΠ.
1401 3301 1436 3380 Ι.
1467 3330 1508 3415 p.
1544 3310 1635 3384 105.

367 3444 541 3533 Rossice
567 3450 816 3561 Iadinoroglr
844 3453 1022 3534 morslroi
1049 3449 1289 3559 (Unicornu
1315 3448 1558 3560 marinum).
1763 3436 1767 3445 ¹

392 3606 443 3683 In
471 3599 582 3685 Mari
611 3599 768 3686 arctico
796 3597 1044 3686 Ruthenum
1070 3600 1299 3718 imperium
1328 3602 1528 3687 adluente
1547 3597 1781 3686 certissime
1803 3599 1948 3698 datum

250 3750 301 3839 in
330 3750 531 3837 orientali
559 3753 755 3858 Oceano,
797 3774 841 3837 et
867 3752 1052 3852 boreali,
1088 3752 1289 3839 Sibiriam
1325 3752 1573 3840 ulteriorem
1600 3751 1798 3837 adluente
1840 3747 1949 3837 mari

253 3934 472 4019 nunquam
500 3903 636 4004 visus,
662 3905 771 3991 forte
799 3904 900 4021 quia
929 3906 1015 3991 alto
1045 3905 1151 3992 mari
1180 3909 1355 4022 gaudet;
1396 3929 1583 3991 attamen
1611 3903 1740 3989 variis
1766 3901 1814 3986 in
1842 3900 1948 3987 locis

253 4085 356 4143 orae
384 4056 612 4157 Sibiricae,
654 4056 902 4174 praesertim
942 4059 1114 4175 copiose
1140 4059 1187 4143 in
1215 4058 1431 4146 littoribus
1470 4052 1862 4143 Tschuktschorum
1901 4074 1946 4137 et

255 4210 312 4294 ad
339 4209 446 4294 ostia
474 4209 697 4296 fluviorum
734 4208 975 4327 Chatanga‚
1001 4214 1218 4311 Anabara,
1240 4213 1435 4317 *Olenelu
1480 4241 1610 4295 cornu
1637 4206 1707 4291 vel
1736 4206 1838 4315 dens
1867 4214 1945 4289 Ce-

253 4361 491 4448 ratodontis
519 4384 709 4477 repertus
735 4362 838 4462 fuit,
873 4366 1098 4480 pluresque
1125 4363 1173 4449 in
1201 4363 1397 4451 Cimeliis
1423 4359 1685 4455 Academiae
1712 4355 1946 4471 Petropoli·
1990 4434 1995 4441 .

252 4534 380 4597 tanae
410 4536 611 4601 extante
640 4515 796 4601 Sibiria
824 4516 955 4602 missi.
1014 4515 1084 4601 sic
1105 4538 1298 4631 tempore
1326 4519 1376 4598 M
1382 4512 1775 4599 essersclrmidii
1801 4508 1847 4591 in
1875 4504 1944 4588 lit-

252 4684 349 4749 tore
377 4663 645 4783 hyperboreo
673 4666 786 4753 circa
814 4674 954 4751 Lenae
992 4668 1101 4752 ostia
1136 4669 1222 4752 tale
1260 4698 1390 4753 cornu
1424 4665 1645 4750 inventum
1680 4683 1757 4746 est.
1814 4661 1947 4742 Gme·

248 4820 269 4903 1
280 4825 356 4902 ini
382 4838 573 4937 tempore
603 4823 657 4906 ad
685 4818 864 4906 Aitscha
893 4823 935 4905 fl.
965 4820 1142 4906 ultimae
1172 4818 1352 4906 Sibiriae
1381 4815 1522 4903 simile
1543 4818 1743 4903 effossum
1766 4834 1811 4897 et
1832 4816 1946 4897 Paw·
