4410 5910
367 438 480 533 xlv

369 712 676 814 commendet,
712 710 937 799 naturalia
977 735 1144 830 genera
1180 705 1448 823 discerpunt
1467 734 1520 794 ac
1540 708 1813 797 distrahunt.
1887 702 2061 801 Contra

368 887 406 977 si
424 886 639 974 methodo
659 885 857 974 naturali
878 885 1161 972 excolendae
1178 881 1393 996 primario
1422 880 1728 969 inhaesissent
1747 883 2063 973 methodorum

365 1061 558 1149 artifices
594 1077 643 1147 et
678 1062 839 1147 saltem
875 1083 1043 1179 genera
1077 1054 1331 1153 naturalia,
1402 1056 1654 1171 complexu
1692 1053 2057 1162 similitudinum,

363 1261 453 1321 non
495 1233 681 1320 minutis
718 1231 984 1320 differentiis
1022 1228 1364 1317 determinanda
1401 1245 1449 1314 et
1466 1228 1800 1344 aequabilitate
1837 1228 2058 1318 discrimi-

362 1433 472 1494 num
500 1406 818 1516 dijudicanda,
853 1432 944 1492 non
964 1403 1310 1521 discerpsissent
1336 1401 1650 1490 artificialibus
1676 1418 1725 1487 et
1742 1428 1880 1517 saepe
1898 1404 2058 1518 pueri·

363 1578 490 1668 libus
517 1605 764 1696 synopseos
792 1579 1028 1666 adamatae
1046 1576 1247 1666 terminis
1265 1576 1562 1691 adaptantes,
1599 1601 1690 1662 non
1708 1574 1826 1663 adeo
1844 1573 1892 1663 in
1911 1577 2055 1667 nomi·

362 1753 497 1842 nibus
531 1753 674 1840 hodie
710 1753 1004 1840 laboraretur.

534 1924 585 2012 ln
610 1926 898 2042 disponendo
925 1927 1013 2011 hoc
1033 1948 1173 2043 opere
1201 1921 1413 2013 Ordinem
1447 1939 1633 2011 secutos
1652 1947 1752 2010 sum
1787 1925 2049 2033 naturalem,

361 2124 497 2214 quern
516 2099 652 2187 etiam
671 2099 740 2188 Ill.
777 2099 1059 2188 Linnoeus
1086 2099 1227 2187 tacite
1249 2097 1458 2216 agnovit,
1494 2094 1801 2211 antiquiorum
1821 2094 2051 2220 Zoologo·

363 2296 461 2357 rum
479 2271 691 2393 vestigiis
710 2272 938 2378 insistens,
977 2272 1055 2359 ubi
1076 2272 1245 2388 potuit.
1290 2268 1442 2376 Hujus
1460 2269 1645 2387 quidem
1666 2270 1868 2357 methodi
1888 2271 2051 2363 defini·

361 2440 510 2531 tiones
536 2445 745 2534 ordinum
773 2448 888 2533 adeo
916 2444 1243 2533 determinatae
1269 2444 1486 2560 praestari
1514 2469 1603 2530 non
1622 2460 1815 2558 possunt
1823 2471 1840 2555 3
1876 2446 1980 2561 quis
1998 2474 2046 2534 e·

359 2614 452 2702 nim
470 2619 642 2705 talibus
660 2619 776 2708 adeo
795 2619 1082 2708 multiformis
1100 2637 1148 2706 et
1164 2617 1320 2707 variae
1339 2615 1536 2708 Naturae
1554 2618 1778 2733 producta
1794 2617 2049 2741 adstringe·

362 2815 408 2875 re
433 2781 608 2907 possit?
642 2820 761 2909 quae
787 2816 884 2882 non
913 2793 1203 2910 aphoristicis
1227 2808 1274 2878 et
1292 2791 1580 2878 scholasticis
1597 2791 1939 2880 definitionibus
1954 2793 2046 2881 cir·

361 2964 674 3081 sumserimus,
700 2967 781 3052 sed
799 2968 1108 3083 pulcherrima
1128 2965 1402 3054 affinitatum
1418 2964 1534 3052 serie
1552 2964 1862 3071 continuatae,
1889 2966 2044 3076 justis·

361 3162 476 3252 que,
511 3138 570 3226 ab
588 3165 737 3257 aequo
754 3159 804 3228 et
820 3157 1014 3256 experto
1060 3137 1265 3260 Zoologo
1310 3138 1617 3245 dijudicandis
1660 3136 1919 3229 intervallis
1957 3140 2045 3229 de·

358 3309 559 3429 signatas
596 3310 868 3399 divissiones
904 3312 1184 3399 observatori
1218 3312 1362 3398 offert.
1400 3310 1615 3398 Attamen
1633 3312 1816 3400 ordines
1832 3313 2055 3400 satis-ds

353 3483 615 3571 terminatos
650 3485 929 3603 praestitisse
966 3485 1078 3573 rnihi
1115 3486 1300 3589 videor,
1345 3500 1392 3571 et
1426 3512 1590 3608 genera
1630 3513 1806 3602 aequo,
1839 3481 2041 3597 nisallor,

354 3653 529 3760 judicio
564 3659 822 3763 construxi,
860 3659 1169 3747 asubtilitate
1197 3659 1244 3745 in
1264 3658 1590 3779 distinguendo
1626 3685 1802 3776 semper
1838 3659 2039 3772 alienus3

354 3852 441 3914 nec
477 3829 771 3946 opinionibus
791 3832 993 3921 novandi
1013 3833 1315 3920 studiosorum
1332 3831 1551 3939 Judicium
1571 3833 1856 3920 submittens.
1911 3829 2038 3920 Arti-

355 3998 524 4089 ficialia
561 4004 680 4092 enim
718 4024 824 4094 sunt
858 4005 1133 4123 systemata,
1170 4033 1290 4124 qnae
1326 4005 1394 4092 Ill.
1432 3991 1721 4125 Bufsonio,
1776 4005 1973 4123 aliisque
2009 4033 2039 4095 a

354 4174 571 4262 methodo
607 4175 653 4262 in
691 4181 887 4268 naturali
923 4174 1114 4269 scientia
1150 4180 1339 4277 alienis,
1409 4195 1699 4267 scommatum
1736 4179 1863 4267 haud
1899 4203 2037 4296 parce

352 4343 402 4432 in
436 4348 681 4437 hodiernos
717 4349 912 4442 Naturae
949 4372 1219 4443 scrutatores
1255 4352 1496 4442 effusorum
1523 4354 1750 4441 materiam
1773 4353 2037 4473 praesertim

352 4521 676 4634 praebuemnt,
712 4525 819 4613 dum
838 4528 929 4644 ipsi
947 4527 1211 4616 sublimiora
1230 4527 1494 4615 affectantes
1505 4528 1725 4661 naturalis
1744 4525 1914 4615 ordinis
1933 4527 2034 4612 evi·

353 4689 539 4781 dentiae
557 4714 603 4781 et
623 4698 804 4786 deliciis
848 4726 946 4786 sese
987 4701 1252 4788 subtrahere
1289 4718 1547 4818 nequeunt,
1583 4701 1817 4815 taciteque
1846 4717 2036 4787 naturae

349 4867 488 4954 nutui
523 4869 632 4958 dant
667 4890 837 4960 manus.
