4410 5910
1750 359 1841 454 XV

319 635 373 722 ln
408 628 680 750 Synonymit
715 625 909 717 citandis
946 657 1053 738 non,
1102 651 1157 725 ut
1192 633 1327 722 multi
1361 632 1564 735 faciunt,
1627 654 1842 729 anteces.

129 804 288 904 sorum
337 806 505 894 tradita
550 830 653 891 curn
698 766 921 891 erroribus
964 808 1213 923 exscripsi,
1277 809 1358 895 sed
1404 808 1535 895 nulla
1571 809 1705 926 posui
1744 810 1834 899 nisi

136 983 329 1074 collatis
385 978 646 1066 auctoribus
684 993 731 1063 et
775 978 892 1064 bene
945 981 1259 1069 consentiente
1314 1009 1420 1068 cum
1472 981 1585 1099 ipsis
1639 970 1841 1091 objectis

139 1160 324 1246 iconum
361 1154 445 1256 vel
479 1150 837 1266 descriptionum
872 1151 977 1240 fide.
1067 1152 1194 1242 Hinc
1230 1152 1279 1240 in
1315 1157 1433 1242 bene
1470 1156 1591 1242 notis
1628 1173 1675 1245 et
1710 1154 1838 1247 nulli.

132 1330 293 1419 dubiis
330 1325 574 1444 speciebus
627 1322 813 1411 facilem
850 1325 1003 1427 illam,
1067 1326 1148 1413 sed
1191 1353 1357 1447 vanarn
1393 1326 1697 1417 eruditionem
1734 1357 1834 1417 sae·

129 1506 243 1623 pius
279 1499 509 1621 neglexi3
562 1500 612 1585 in
647 1496 984 1584 difficilioribus
1020 1527 1156 1603 vero,
1206 1500 1468 1617 praesertim
1506 1503 1690 1591 vexatis
1727 1516 1843 1618 spe*-

134 1679 323 1780 ciebus,
388 1675 590 1760 omnium
638 1671 720 1788 qui
755 1670 814 1756 ad
850 1699 1008 1758 manus
1053 1673 1239 1760 fuerunt
1283 1673 1537 1762 Auctorum
1573 1673 1837 1789 Synonyma

134 1824 386 1970 diligenter
422 1844 582 1934 citavi.
656 1843 805 1931 Iconcs
840 1845 1002 1931 addidi
1037 1873 1258 1935 novarum
1275 1847 1541 1964 praesertim
1559 1847 1842 1964 specierum-,r
1958 1846 1961 1857 ’

140 2025 233 2109 vel
269 2047 445 2136 quarum
484 2018 630 2105 minus
667 2019 813 2105 bonae
850 2035 1058 2124 exstant,
1123 2047 1335 2140 quaeque
1370 2047 1456 2137 pro
1492 2018 1839 2141 comparatione·

151 2194 413 2282 videbantur
449 2192 744 2280 necessariae.

312 2365 564 2483 Expeditis
600 2365 655 2452 iis
693 2393 812 2483 quae
850 2364 1045 2455 dicenda
1082 2387 1210 2456 erant
1244 2341 1539 2467 Lectoribus,
1574 2392 1726 2485 pauca
1744 2393 1830 2485 pro

139 2531 194 2629 iis
222 2539 422 2642 addam,
458 2539 540 2656 qui
576 2537 808 2626 Historiae
845 2540 1064 2630 naturalis
1102 2541 1360 2630 cultoribus
1396 2541 1614 2635 minutias
1642 2557 1690 2628 et
1719 2542 1840 2628 sub--

135 2715 331 2802 tilitates
372 2715 674 2832 exprobrant,
752 2729 800 2799 et
846 2713 1031 2801 inutilia
1077 2717 1219 2836 longe
1263 2715 1464 2833 plurima
1506 2743 1591 2803 nos
1634 2731 1833 2833 tractare

135 2888 377 2977 cavillant.
460 2883 548 2974 His
584 2913 676 2975 non
719 2912 949 3004 opponam
996 2888 1230 2975 commoda
1266 2916 1386 3007 quae
1424 2915 1486 2978 ex
1520 2891 1657 2984 rebus
1692 2905 1832 2977 natu·

136 3062 308 3148 talibus
343 3061 581 3176 quondum
617 3058 848 3179 despectis
884 3088 993 3151 usus
1029 3062 1242 3168 edocuit,
1282 3062 1434 3152 hodie·
1461 3036 1631 3180 passim
1668 3060 1719 3149 in
1753 3063 1836 3151 1η-

133 3260 232 3322 cem
270 3232 445 3353 profert
480 3231 676 3321 Naturae
714 3235 938 3339 studium,
957 3237 1116 3351 ¹inque
1152 3253 1384 3353 posterum
1408 3237 1506 3322 sine
1534 3234 1676 3322 dubio
1696 3260 1829 3350 prae·

136 3408 309 3518 stabit,
388 3433 540 3523 neque
587 3386 817 3526 gloriabor
861 3428 1080 3524 quantum
1127 3411 1329 3525 penitior
1370 3407 1570 3497 Naturae
1616 3403 1847 3528 cognitio

137 3581 297 3677 nostris
331 3580 615 3697 temporibus
647 3581 873 3698 profuerit
908 3580 1240 3687 Oeconomiae,
1277 3581 1556 3686 Medicinae,
1593 3577 1839 3707 technicis·

141 3754 305 3841 artibus
350 3771 434 3843 aut
479 3780 615 3871 quam
660 3755 910 3843 necessaria
957 3757 1015 3844 sit
1050 3757 1097 3842 in
1134 3756 1473 3878 distinguendis
1508 3754 1704 3843 utilibus
1740 3752 1824 3841 vel

145 3926 300 4014 noxiis.
371 3927 442 4015 Ea
478 3934 598 4016 enirn
635 3928 901 4049 gravissima
938 3931 1120 4017 abunde
1157 3946 1472 4048 exposuerunt
1506 3932 1595 4036 Jam
1631 3922 1824 4042 plurimi

151 4111 195 4180 et
223 4102 431 4219 princeps
468 4090 606 4220 atque
643 4102 913 4190 solidissime
948 4103 1019 4191 Ill.
1057 4102 1354 4192 Linnnerts.
1430 4101 1574 4218 quue
1611 4099 1725 4186 licet
1751 4095 1824 4182 in·
1919 4201 1922 4209 1

155 4263 258 4358 licias
302 4276 367 4362 ire
415 4293 645 4392 nequeant
690 4276 1034 4389 detrectatores,
1097 4296 1247 4365 tamen
1271 4249 1540 4379 ¹inutilibus
1584 4287 1824 4390 praeterea

159 4436 343 4545 plurimis
379 4477 461 4535 nos
487 4449 721 4539 inhaerere
744 4469 882 4567 atque
901 4479 1018 4538 arana
1039 4468 1120 4539 aut
1142 4451 1394 4568 adiaphora
1412 4475 1602 4564 operose
1630 4457 1826 4531 tractare

165 4606 369 4714 objiciunt.
388 4670 449 4688 -‹
489 4621 715 4721 Qaaerum
767 4627 852 4711 hos
904 4627 1091 4740 potius:
1154 4651 1305 4712 nonne
1350 4623 1399 4708 in
1436 4620 1558 4707 omni
1612 4614 1822 4715 scientia,

165 4797 410 4907 quacunque
445 4797 626 4886 demum
644 4796 1007 4893 homuncionum·
1027 4798 1266 4888 socialium
1302 4794 1488 4917 ingenia
1515 4803 1819 4906 occupantur,
