4410 5910
1019 407 1172 465 τε
1851 410 1952 496 273.

472 603 634 696 Whale
668 601 804 694 t‘ailed
838 548 1024 716 Munatii,
1064 606 1260 693 Pennant.
1300 604 1409 692 Hirr.
1447 604 1593 722 qxtodr.
1620 606 1678 695 II.
1713 640 1813 727 pag.
1842 626 1936 702 536.

524 796 575 884 n.
597 777 691 870 39⁰·
726 761 979 846 Zoobarct.
1007 766 1042 847 I.
1072 795 1113 877 p.
1149 795 1237 872 177.
1266 792 1306 845 n.
1337 774 1403 846 δι.
2076 748 2084 765 “

472 911 740 1001 Trichechus
769 917 984 1018 Manates,
1020 912 1223 1018 borealis,
1265 915 1438 1000 Gmelin.
1473 932 1580 1027 syst.
1614 915 1703 1000 tta.
1733 918 1764 1000 I.
1801 950 1842 1036 p.
1872 931 1939 1009 6ι.

527 1099 590 1185 cp.
622 1102 661 1151 α.
689 1096 776 1158 var.
806 1075 851 1162 e.

365 1218 540 1308 Rossice
568 1223 779 1336 Morskaja
805 1223 972 1305 Korouo
1004 1224 1166 1331 (Vacca
1194 1219 1389 1330 marina).

390 1375 539 1458 Bellua
568 1369 729 1457 marina
755 1371 802 1456 in
830 1375 1004 1460 Oceano
1032 1370 1232 1457 orientali
1265 1375 1319 1456 ad
1354 1369 1509 1456 insulas
1544 1370 1674 1458 Asiae
1704 1394 1750 1458 et
1775 1375 1941 1465 Ameri-

255 1550 335 1614 ωε
362 1520 614 1639 idterjectas·
631 1546 676 1608 et
700 1527 757 1608 ad
783 1525 1038 1611 Americana
1067 1533 1172 1636 (non
1199 1525 1348 1635 Asiae)
1385 1522 1530 1609 littora
1564 1527 1819 1661 frequens'a
1854 1538 1943 1616 Ma·

251 1700 356 1764 nato
384 1677 704 1764 orientaliorum
731 1676 924 1762 littorum
959 1677 1185 1764 Americae
1221 1674 1363 1792 specie
1398 1676 1524 1791 longe
1561 1678 1745 1784 diversa,
1788 1683 1941 1770 esolie

252 1839 500 1920 immortalia
527 1834 745 1916 Stellati
771 1828 985 1915 laboribus
1006 1830 1223 1943 cognitum
1245 1851 1288 1914 et
1309 1831 1363 1914 ab
1383 1832 1538 1914 eodem
1559 1829 1775 1950 graphice,
1805 1839 1947 1951 quoad

253 2004 526 2083 structuram,
562 2012 699 2067 mores
727 2006 772 2068 et
798 2003 1009 2080 naturam,
1049 1980 1321 2098 descriptum.
1390 1981 1549 2068 Omnia
1576 2006 1793 2072 auctomm
1821 2020 1944 2104 syno-

251 2164 384 2250 nyma
414 2137 467 2219 ad
495 2143 688 2220 Manates
712 2136 845 2248 uulgo
871 2133 1024 2233 citata,
1050 2134 1184 2219 etiam
1198 2133 1500 2219 .·recentiesima
1525 2139 1777 2248 Buffom'anu
1810 2162 1858 2225 et
1886 2142 1944 2226 al·

252 2307 346 2371 tera'
373 2286 582 2373 loetuain
617 2290 724 2373 Nou.
753 2290 874 2374 Aua
897 2290 1104 2403 Petropol.
1144 2288 1261 2372 Tum.
1290 2290 1409 2372 XIII.
1447 2304 1612 2404 p.371.
1651 2293 1737 2376 tab.
1773 2305 1834 2380 ιδ.
1869 2322 1949 2380 ex.
2088 2270 2099 2279 ’

250 2433 395 2524 hibita
411 2439 690 2555 adumbratio
723 2442 780 2524 ad
815 2441 990 2526 alteram
1028 2444 1195 2525 Munati
1233 2439 1421 2555 speciem
1462 2445 1616 2554 (cauda
1643 2443 1830 2559 integra,
1870 2475 1946 2534 ore

251 2591 451 2697 dentato,
479 2620 659 2708 corpore
686 2590 820 2690 laevi,
852 2595 1024 2680 Gmelin.
1052 2601 1130 2680 loc.
1160 2603 1230 2679 cit.
1257 2626 1345 2679 var.
1374 2602 1436 2702 α.)
1465 2593 1695 2712 pertinent.

255 2792 260 2799 ·
389 2747 434 2829 N
440 2767 538 2832 ota.
595 2745 754 2830 niffen
780 2767 926 2833 autem
949 2751 1065 2831 Man.
1095 2748 1271 2833 borealir
1297 2751 1431 2832 cauda
1465 2749 1715 2864 praesertim
1741 2750 1949 2857 bilobata,

249 2918 356 2984 cute
384 2897 543 3014 depili,
571 2900 935 2999 corneo-callosa,
968 2899 1133 2986 ossibus
1162 2899 1390 2986 molaribus
1418 2899 1576 3016 planis,
1616 2903 1950 3023 pinnato-rugo·

250 3049 338 3154 ais,
367 3051 456 3136 cuti
482 3050 660 3153 innatis,
686 3056 784 3143 loco
810 3053 1005 3141 dentium
1033 3051 1269 3139 molarium.
1293 3101 1351 3120 --
1377 3038 1568 3138 Manatus
1595 3056 1846 3143 assimilatur
1864 3061 1947 3146 Ce·

248 3201 388 3288 taceia
409 3234 482 3289 ore
501 3209 723 3307 edentulo,
750 3211 882 3293 cauda
895 3205 1065 3304 exossi,
1093 3206 1189 3290 loco
1209 3207 1367 3319 pedum
1389 3206 1687 3320 posteriorum3
1716 3241 1814 3295 cum
1844 3217 1948 3296 Roa-

250 3382 377 3441 maro
403 3360 605 3444 convenit
633 3358 801 3446 naribus
826 3357 963 3462 binis,
994 3380 1039 3443 et
1058 3355 1252 3441 mammis
1274 3356 1572 3472 pectoralibus.
1630 3365 1824 3463 Iconem,
1851 3383 1946 3448 utut

250 3509 429 3615 rudem,
455 3514 611 3600 addere
640 3513 778 3616 volui,
808 3513 978 3629 qualem
1008 3508 1168 3623 accepi.

572 3823 836 3930 XXXIII.
915 3821 1629 3931 DELPHINUS.

396 4120 576 4210 Cetacei
602 4147 778 4242 utraque
808 4122 983 4210 maxilla
1012 4125 1199 4223 dentati,
1227 4156 1324 4212 cum
1352 4128 1423 4212 vel
1452 4126 1544 4211 sine
1572 4124 1703 4242 pinno
1733 4122 1889 4212 dorsali
1917 4148 1962 4214 et

251 4277 559 4390 cujuacunquev
582 4277 886 4394 magnitudinis
918 4306 1051 4392 genua
1087 4282 1276 4364 naturale
1327 4276 1643 4394 Delphinomm
1684 4285 1775 4392 jure
1811 4279 1965 4366 conati·

254 4447 400 4512 tuunt.
456 4427 568 4514 Hinc
596 4428 782 4543 speciem
811 4430 934 4516 d'orso
969 4431 1153 4546 impinni
1183 4431 1255 4517 hic
1283 4432 1462 4548 primurn
1491 4430 1616 4516 lacio.

257 4595 380 4704 143.
465 4590 510 4678 D
529 4594 569 4680 E
590 4591 624 4677 L
643 4590 677 4678 P
696 4590 742 4679 H
763 4594 781 4680 1
802 4593 838 4679 N
861 4594 950 4683 US
1003 4593 1230 4683 Leucoe.
1289 4595 1440 4685 TAB.
1477 4592 1658 4684 XXXI.
1687 4603 1731 4684 et
1755 4592 1957 4686 XXXII.

395 4736 453 4819 D.
480 4735 605 4820 doreo
638 4733 828 4849 impenni
857 4736 1009 4850 gibbo,
1038 4766 1213 4854 corpore
1243 4738 1355 4822 albo.
1938 4746 1941 4755 '

483 4885 706 4988 walach,
731 4890 1091 4995 Abdero-Im
1120 4922 1162 5005 p.
1193 4906 1288 4982 εει.
1313 4895 1452 4981 crana
1474 4896 1643 5006 groco&
1663 4924 1709 5010 p.
1739 4903 1831 4984 rto.
1935 4976 1939 4981 .

1463 5060 1516 5138 35
