4410 5910
261 396 361 508 '226
1034 428 1181 482 -······--

397 633 567 721 Annosi
597 630 698 719 satis
739 627 934 718 animalis
970 647 1097 744 caput
1140 619 1270 712 luisse
1305 621 1494 731 videtur,
1536 620 1682 742 gibbis
1714 623 1763 711 in
1789 620 1949 711 dorsali

260 784 374 877 facie
401 784 584 890 octonis,
614 780 947 870 evidentissimis
973 781 1197 868 nodosum.
1252 780 1337 869 Sed
1364 779 1516 864 dantur
1535 806 1635 867 cum
1660 773 1956 887 numendori·

258 940 358 1045 bus,
385 940 440 1023 sd
463 942 570 1021 XVI
597 958 643 1020 et
668 935 795 1019 ultra.

266 1161 381 1244 123.
470 1100 923 1251 ancocnnos
975 1147 1210 1262 Aegagna
1243 1142 1388 1234 ¹rus.
1417 1140 1544 1235 XVI.
1573 1148 1618 1234 er
1642 1138 1745 1261 nra·
1768 1150 1815 1242 s.
1839 1156 1890 1247 s
1914 1156 1958 1234 ⁵.

406 1318 464 1398 Α.
514 1309 710 1397 cornibus
759 1306 1039 1427 compressis,
1101 1305 1287 1423 rugosis,
1346 1306 1471 1394 dorso
1521 1302 1753 1411 carinatis,
1806 1306 1961 1392 obtuse

266 1461 466 1551 dentatis.
1928 1574 1935 1585 υ

483 1618 719 1729 Aegagrus,
753 1612 855 1701 Poll.
882 1610 1025 1730 Spicil.
1053 1607 1172 1698 Z'ool'.
1194 1609 1305 1724 fasc.
1332 1609 1408 1694 XI.
1438 1641 1478 1726 p.
1495 1621 1564 1717 43.
1592 1582 1734 1698 tabis.
1753 1608 1844 1725 fig
1862 1620 1955 1699 md·

538 1765 747 1878 (cranium
775 1795 873 1851 cum
901 1764 1131 1875 cornibus).
1187 1763 1394 1850 Schreber.
1421 1768 1632 1847 mamntal.
1663 1760 1715 1845 V.
1742 1760 1833 1849 tob.
1863 1770 1958 1851 sta.

484 1916 622 2034 Capra
649 1922 884 2033 Aegagrus,
916 1919 1089 2003 Gmelin.
1116 1939 1222 2031 syst.
1250 1912 1341 2001 Ltn.
1368 1914 1403 1998 Ι.
1432 1945 1475 2030 p.
1510 1927 1597 2019 193·
1626 1944 1691 2029 sp·
1727 1949 1764 2041 .¹·

485 2068 769 2185 Capricerva,
793 2068 1024 2183 Kaempfer.
1055 2074 1212 2156 omnen.
1242 2101 1283 2185 p.
1313 2079 1406 2173 398.
1435 2062 1522 2152 tab.
1551 2082 1593 2174 4.
1621 2096 1663 2152 rt.
1696 2096 1740 2151 τ,

485 2220 712 2322 Sombat,
743 2217 953 2335 Ridinger.
980 2218 1133 2333 chdb.
1162 2223 1212 2306 V.
1240 2222 1322 2305 Νο.
1350 2249 1422 2331 71·

482 2370 722 2470 Camasan,
746 2372 869 2459 Pano.
898 2376 992 2457 hist.
1021 2372 1166 2489 prodr.
1197 2406 1238 2485 p.
1269 2385 1336 2459 51.
1365 2403 1406 2455 n.
1440 2379 1502 2476 ιζ.
1922 2488 1925 2493 .

329 2618 333 2629 ,
374 2520 491 2608 Indis
517 2524 738 2621 Bois-aeri.
793 2522 1115 2637 PersisP'aseng.
1162 2519 1344 2636 D'ugoris
1368 2516 1545 2611 Caucasi
1556 2514 1779 2631 Sobocdrir
1796 2514 1952 2637 (factal

402 2668 579 2758 Animal
618 2673 665 2760 in
706 2674 913 2776 Caucaso,
955 2672 1207 2789 alpestribus
1241 2664 1434 2776 Persiae,
1475 2674 1616 2759 Tauro
1651 2694 1696 2758 et
1723 2678 1847 2761 imao
1872 2698 1951 2761 non

256 2823 532 2943 'infrequens‚
561 2853 694 2942 aeque
721 2824 810 2909 fere
838 2824 1085 2942 alpicolum‚
1116 2843 1163 2910 ut'
1192 2828 1320 2930 Ibex,
1347 2846 1446 2910 cunr
1477 2848 1613 2939 eoque
1639 2820 1693 2909 ab
1713 2822 1949 2913 auctoritas

264 3002 392 3095 saepe
419 2976 658 3081 confirsum,
700 2974 876 3062 videtur·
897 2976 1027 3063 etiam
1062 2970 1109 3061 in
1144 2972 1363 3103 Helvetia,
1405 2974 1630 3092 Pyrenaeis
1658 2997 1706 3061 et
1731 2970 1862 3064 Creta
1887 2970 1947 3061 Inss

264 3124 356 3217 nula
382 3124 520 3213 adhuc
548 3154 786 3242 superesse,
813 3149 858 3213 et
884 3124 975 3214 sine
1002 3123 1134 3214 dubio
1160 3104 1434 3246 praecipuam
1460 3125 1671 3241 originem
1706 3122 1833 3212 dedit
1857 3122 1947 3213 rsa·

262 3311 320 3367 co
340 3300 385 3365 et
412 3281 563 3399 Capris
588 3282 843 3386 domesticis,
885 3306 992 3396 quae
1020 3299 1178 3366 statura
1204 3302 1249 3367 et
1285 3278 1489 3367 cornibus
1517 3276 1627 3363 illud
1662 3272 1858 3395 apprime
1891 3302 1946 3363 rs·

262 3431 423 3532 lerunt3
461 3454 506 3517 et
533 3434 587 3518 ab
614 3435 770 3518 eodem
798 3432 1004 3536 cicurato,
1048 3458 1146 3518 cmn
1174 3424 1303 3519 Ibicis
1330 3431 1450 3547 prole
1486 3430 1643 3518 eodem
1680 3424 1772 3516 lato
1813 3428 1944 3519 dome

261 3580 373 3668 stica
402 3581 570 3667 reddita
604 3582 912 3670 adulteratione
946 3582 994 3672 in
1026 3578 1218 3700 speciem
1250 3582 1461 3670 factitiam
1497 3578 1655 3668 sensim
1695 3574 1946 3698 multiplica·

261 3753 353 3816 tum
380 3755 444 3817 est
472 3736 691 3851 caprinum
716 3762 868 3853 pecus,
910 3737 1025 3850 quod
1051 3752 1224 3851 propter
1249 3729 1512 3851 primitivam
1541 3724 1720 3848 originis
1749 3720 1940 3849 ambigni-

260 3902 413 3987 tatem,
442 3912 518 4000 per
545 3885 716 3972 climata
743 3909 789 3972 et
814 3888 992 3972 allectus
1021 3909 1146 4003 atque
1173 3909 1316 4004 partus
1344 3882 1543 3973 fortuitos
1558 3881 1621 3971 ita
1642 3882 1857 3972 variatum
1875 3900 1941 3984 stt,

259 4035 386 4150 quale
414 4058 516 4152 aput
543 4036 727 4125 diversas
755 4059 900 4152 gentes
927 4034 1059 4125 hodie
1094 4036 1293 4125 occurrit.
1986 4112 1990 4189 Ι

394 4262 567 4351 Descr.
625 4261 906 4352 curiosissimi
942 4262 1065 4379 lmjus
1094 4263 1289 4350 animalis
1316 4282 1483 4351 tantum
1507 4283 1756 4380 sequentem
1782 4260 1933 4380 perbrt·

258 4441 358 4500 rem
385 4435 431 4499 et
456 4413 748 4532 imperfectam
772 4417 1137 4505 adumbrationem
1162 4413 1337 4532 reliquit
1357 4417 1534 4532 Collega
1554 4417 1772 4533 quondam
1792 4434 1928 4508 nostor·

253 4566 383 4650 Sam.
412 4567 546 4654 Gotl.
575 4571 788 4675 Gmelin,
816 4569 930 4656 inter
957 4578 1073 4685 cujus
1101 4566 1282 4655 schedas
1307 4590 1353 4655 et
1380 4573 1554 4654 iconem
1579 4567 1870 4685 imperfectam
1890 4574 1926 4643 ό

252 4717 444 4803 cranium
469 4717 662 4808 animalis
690 4753 787 4808 cum
814 4721 1011 4809 cornibus
1038 4721 1151 4808 inter
1177 4721 1303 4808 missa
1331 4723 1384 4808 ab
1411 4722 1565 4808 eodem
1593 4719 1759 4807 curiosa
1783 4704 1921 4805 inveni·

249 4866 494 4989 Descriptio
521 4870 628 4991 ipsis
652 4877 842 4993 ejusdem
875 4874 1021 4965 verbis
1048 4875 1220 4967 reddita
1254 4874 1317 4964 sic
1350 4896 1496 4966 sonate
1531 4875 1707 4964 Animal
1733 4872 1917 4989 „capt”
