4410 5910
1021 304 1168 366 Ξ
1847 311 1934 397 315

247 510 356 595 timo
395 536 491 597 meo
531 509 684 596 itinere
726 509 971 611 observavi;
1012 509 1324 625 neglectissima
1365 503 1486 594 humi
1527 530 1731 611 stratum,
1769 509 1933 627 inquo

247 693 329 749 ovo
357 681 398 768 4.
426 662 785 760 coerulescentia,
812 665 1047 748 latescente
1075 666 1295 749 maculata.
1351 663 1540 748 Juniores
1569 693 1702 748 mares
1724 692 1853 775 usque
1881 667 1937 749 ad

250 837 494 898 autumnum
521 813 722 900 matribus
744 837 840 898 sunt
858 813 1043 917 similes,
1072 817 1204 928 magis
1233 813 1472 929 lanuginosi
1500 816 1553 898 ad
1574 819 1808 927 Augustum
1822 842 1939 897 men·

250 994 365 1066 sem,
393 988 494 1050 tunc
526 950 687 1049 vestem
716 989 903 1068 mutant,
934 965 1170 1078 sensimque
1198 967 1440 1080 nigrescunt
1467 965 1587 1051 novis
1615 962 1771 1081 plumis
1791 964 1937 1079 nigris,

251 1116 439 1231 margine
468 1145 617 1230 gryseo
633 1116 857 1231 pallidis,
887 1138 1060 1233 pectore
1088 1117 1213 1230 plane
1242 1118 1377 1231 nigro.

389 1270 562 1351 Descr.
627 1270 873 1378 Magnitudo
916 1268 1072 1352 Sturni.
1142 1273 1333 1353 Rostrum
1369 1272 1457 1352 fere
1502 1275 1720 1379 Tanagrae
1764 1271 1939 1355 crassius
2057 1266 2061 1273 ⁵

252 1417 382 1504 etiam
411 1448 537 1532 quam
567 1419 825 1516 Calandrae,
866 1419 958 1503 basi
1000 1420 1187 1523 luteum,
1233 1443 1423 1503 extremo
1452 1418 1685 1516 livescens,
1727 1419 1848 1533 apice
1876 1420 1940 1504 ni·

253 1598 398 1684 grum,
443 1598 712 1666 convexum,
751 1568 842 1652 basi
885 1601 1007 1685 supra
1033 1602 1153 1655 nares
1180 1570 1335 1685 plumis
1364 1569 1529 1671 densis,
1572 1568 1757 1684 pilisque
1785 1570 1941 1654 teneris

254 1750 376 1833 supra
403 1750 522 1802 nares
564 1743 608 1803 et
648 1718 732 1803 oris
774 1722 945 1833 angulos
988 1721 1217 1835 prostratis.
1289 1700 1450 1832 Lingua
1492 1742 1734 1834 angustata,
1776 1749 1940 1815 cornea,

255 1869 376 1984 apice
404 1872 610 1983 profunde
639 1869 798 1968 bifido,
827 1870 995 1954 laciniis
1024 1872 1283 1974 linearibus,
1314 1869 1503 1972 corneis,
1534 1871 1756 1973 truncatis,
1787 1894 1941 1954 setoso·
2064 1853 2073 1871 .

255 2020 418 2104 laceris.
436 2075 486 2090 -
514 2025 673 2137 Corpus
698 2019 743 2103 in
772 2023 953 2105 moribus
981 2022 1136 2104 adultis
1165 2019 1431 2116 aterrimum,
1461 2023 1602 2105 subtus
1630 2022 1866 2120 uniforme3
1896 2020 1944 2104 in

254 2171 421 2256 cervice
435 2232 448 2268 ,
476 2173 599 2255 dorso
627 2172 916 2285 uropygioque
946 2171 1154 2284 margines
1183 2171 1425 2254 terminales
1454 2172 1691 2284 plumarum
1718 2172 1842 2267 cani,
1874 2172 1944 2257 vel

253 2320 572 2435 pallido-albi,
615 2322 748 2434 magis
775 2323 965 2406 minusve
997 2324 1105 2425 late,
1150 2321 1397 2435 posticeque
1425 2321 1595 2405 semsim
1623 2322 1807 2406 latiores.
1869 2323 1944 2409 Te·

255 2481 399 2557 carices
427 2475 594 2564 caudae¹
614 2494 753 2571 atrae,
795 2471 915 2586 apice
945 2472 1155 2585 angustius
1183 2500 1326 2556 canae.
1393 2469 1826 2583 Hypochondriorum
1854 2476 1945 2591 plu·

256 2652 350 2706 mae
380 2621 514 2748 limbo
542 2624 676 2707 albae.
733 2625 840 2708 Alae
867 2622 914 2706 in
942 2622 1191 2737 quibusdam
1237 2628 1423 2736 (praeter
1448 2623 1568 2707 bases
1599 2627 1722 2708 dorso
1749 2626 1946 2711 concolo-

257 2782 343 2885 res)
384 2795 499 2857 totae
538 2795 677 2872 atrae3
718 2774 811 2856 aliis
841 2784 1024 2860 lectrices
1050 2773 1181 2856 etiam
1210 2773 1480 2857 secundariae
1509 2798 1688 2859 externo
1716 2775 1850 2859 limbo
1880 2804 1947 2859 ca-

255 2954 362 3026 nae,
392 2947 437 3005 et
462 2922 568 3023 item
594 2934 765 3036 remiges
791 2923 967 3007 intimae
996 2924 1184 3036 margine
1225 2924 1436 3007 exteriore
1466 2947 1510 3008 et
1540 2925 1673 3040 apice.
1743 2929 1948 3010 Rectrices

256 3074 429 3187 nigrae,
460 3074 625 3158 mediae
652 3076 779 3188 paulo
806 3074 1044 3172 breviores,
1072 3075 1207 3158 limbo
1234 3099 1529 3177 canescentes,
1559 3062 1772 3158 interdum
1799 3104 1946 3159 omnes

259 3225 409 3340 apice,
437 3224 687 3338 mediaeque
715 3224 839 3307 latius
866 3225 998 3308 etiam
1028 3225 1216 3338 margine
1240 3228 1373 3309 albae.
1427 3227 1708 3311 Subcaudales
1728 3226 1802 3309 vix
1825 3226 1947 3341 apice

260 3377 396 3460 albae.
460 3377 589 3459 Pedes
616 3374 754 3488 nigri,
792 3373 994 3458 tibiarum
1022 3374 1165 3459 loricis
1197 3362 1390 3461 obsoleto
1405 3426 1418 3439 ·
1433 3375 1627 3477 coalitis;
1672 3385 1852 3489 posticas
1878 3410 1949 3462 uu·

255 3537 356 3639 guis
383 3547 544 3629 rectus,
577 3527 711 3639 digito
740 3558 886 3642 parum
916 3523 1109 3626 brevior3
1140 3528 1255 3612 tuber
1281 3530 1356 3610 sub
1373 3524 1579 3639 unguibus
1599 3527 1832 3640 singulare,
1860 3528 1949 3642 pla·

260 3708 390 3775 num,
429 3678 660 3761 tuberculis
702 3677 1028 3792 grandinosum..
1081 3681 1259 3762 Feminis
1300 3701 1343 3761 et
1381 3676 1510 3792 pullis
1546 3701 1725 3763 rostrum
1753 3678 1948 3778 lividum,

259 3826 354 3912 basi
380 3829 633 3924 flavescens,
661 3829 799 3912 minus
825 3830 1053 3913 robustum.
1119 3836 1290 3941 Ungues
1318 3830 1444 3943 paulo
1470 3826 1686 3935 breviores
1715 3852 1759 3914 et
1784 3830 1949 3913 tenuio-

261 4007 342 4062 res.
414 3982 551 4092 Caput
579 4002 622 4063 et
648 4012 796 4096 corpus
823 4011 944 4094 supra
971 4001 1134 4079 totum,
1177 3980 1418 4062 alaudarum
1454 3981 1542 4062 fere
1577 3980 1745 4083 colore,
1786 3979 1948 4095 pallide

263 4136 483 4243 gryseum',
513 4129 651 4214 lituris
679 4132 825 4230 fuscis3
854 4132 996 4215 subtus
1025 4163 1048 4213 a
1077 4133 1175 4244 gula
1204 4132 1257 4213 ad
1278 4131 1454 4212 caudam
1476 4131 1644 4242 plumae
1669 4131 1801 4232 albae,
1831 4128 1949 4213 disco

264 4283 432 4379 luscae3
469 4288 574 4393 gula
600 4285 840 4365 flavescens.
907 4286 1014 4365 Alae
1043 4281 1349 4396 nigrescentes,
1392 4277 1640 4362 tectricibus
1680 4278 1950 4376 secundariis,

264 4430 555 4545 remigumque
583 4432 716 4518 tribus
751 4432 923 4516 extimis
964 4456 1008 4516 et
1048 4456 1225 4548 quatuor
1273 4428 1544 4514 interioribus
1584 4459 1726 4512 versus
1769 4428 1951 4541 apicem·

267 4584 367 4668 albo
394 4582 659 4696 marginatis3
691 4587 842 4668 Subtus
869 4585 960 4667 alae
989 4582 1423 4698 fuliginoso-nigrae,
1466 4579 1608 4664 antico
1636 4578 1822 4692 margine
1851 4577 1950 4663 albo

268 4732 521 4850 variegatae.
578 4737 747 4825 caudae
776 4736 960 4852 nigrior,
994 4735 1172 4822 rectrice
1200 4732 1359 4823 extima
1386 4762 1515 4850 usque
1545 4734 1598 4817 ad
1627 4728 1806 4820 thaebin
1816 4791 1831 4836 ,
1858 4758 1953 4846 pro·

1506 4890 1533 4940 0
