4410 5910
253 430 343 532 aas
671 570 675 576 ι

393 651 443 730 In
471 640 601 760 sylvis
627 637 769 757 pineis
794 666 871 755 per
897 662 1068 722 omnem
1096 632 1289 720 Rossiam
1314 657 1359 720 et
1386 632 1606 740 Sibiriam,
1648 632 1782 722 etiam
1809 640 1949 757 maxi·'

253 827 322 888 rue
350 794 602 883 borealibus.
618 791 878 906 regionibus,
908 814 954 875 et
979 787 1026 873 in
1053 776 1393 876 Camtachatcam
1414 816 1546 904 usque
1566 790 1784 905 frequens3
1812 791 1942 878 etiarn

252 948 408 1066 hyeme
436 947 483 1032 in
511 944 665 1062 apricis
699 973 914 1057 nunquam
953 963 1140 1058 apparet
1211 940 1349 1026 Stulta
1377 932 1501 1046 avis,
1543 939 1739 1027 venatori
1780 942 1940 1050 facilia,

252 1100 342 1187 imo
370 1099 417 1188 in
443 1098 661 1213 decipulas
701 1095 933 1182 minoribus
973 1093 1072 1178 feris
1111 1092 1341 1206 sciurisque
1380 1115 1553 1178 statutas
1595 1122 1723 1209 saepe
1771 1094 1940 1183 incidit.

251 1257 384 1337 Amat
409 1249 658 1367 praesertim
687 1251 893 1335 Cembrae
919 1246 1090 1331 nucleos
1117 1268 1162 1330 et
1183 1244 1467 1330 coniferarum
1489 1245 1746 1361 reliquarum
1775 1247 1944 1334 semini·

252 1406 329 1488 bus
368 1404 570 1518 praefert,
615 1429 845 1514 eorumque
882 1429 1059 1513 penum,
1098 1422 1146 1483 nt
1186 1399 1234 1485 C.
1272 1401 1538 1510 glandarius,
1580 1398 1739 1514 passim
1780 1400 1941 1487 condic

251 1553 435 1638 Victitat
462 1552 593 1637 etiam
620 1550 812 1652 insectis,
853 1549 1200 1664 vermiculisque,
1239 1579 1346 1664 quos
1373 1549 1545 1636 erimis
1574 1553 1771 1636 arborum
1799 1554 1855 1636 ad
1881 1551 1941 1637 in·

253 1726 337 1788 star
364 1703 457 1790 Pici
490 1727 623 1790 rostro
656 1697 861 1788 extrahit.
932 1705 1105 1787 Saeculo
1145 1703 1397 1814 subliqguuii
1437 1701 1609 1788 nuculas
1650 1702 1697 1787 in
1741 1700 1942 1817 hyemem

252 1857 495 1945 condendas
522 1858 732 1940 transfert.
804 1861 853 1937 In
883 1853 1038 1940 Sibiria
1065 1882 1189 1970 saepe
1219 1854 1381 1968 magnis
1405 1852 1555 1937 turmis
1582 1830 1790 1967 migrant,
1827 1885 1939 1972 prae·

251 2008 397 2092 sertim
426 2037 591 2093 annona
618 2009 866 2091 nucleorum
895 2008 1101 2093 Cembrae
1130 2005 1289 2090 alicubi
1315 2027 1556 2120 premente,
1586 2035 1672 2090 non
1694 2006 1814 2091 omni
1837 2038 1941 2096 anno

249 2184 295 2246 et
322 2161 484 2246 incerta
513 2189 699 2274 vagaque
727 2158 814 2269 via.
869 2159 1030 2242 Eadem
1058 2151 1181 2242 forte
1193 2156 1356 2241 ratione
1383 2185 1439 2241 ex
1458 2156 1645 2301 alpibus
1649 2159 1940 2275 europaeisin

250 2310 476 2428 planitiem
502 2309 682 2393 subinde
711 2308 934 2424 emigrasse
961 2331 1009 2393 et
1035 2307 1181 2394 hortos
1210 2311 1441 2393 devasttsse
1468 2309 1507 2420 (
1495 2340 1541 2392 111
1568 2308 1734 2408 Gallia,
1773 2316 1940 2396 Germa·

252 2463 344 2565 nia,
390 2458 625 2559 Cornubia,
667 2467 804 2571 caet)
834 2461 977 2545 audita
1005 2481 1082 2544 est.
1151 2459 1253 2542 Fuit
1283 2481 1330 2545 et
1356 2446 1465 2545 haec
1491 2450 1665 2548 omnino
1692 2469 1821 2548 Nova
1858 2461 1939 2548 avis

252 2615 414 2698 Plinii
442 2617 536 2696 bist.
565 2632 649 2696 nat.
676 2613 749 2698 lib.
778 2616 832 2697 X.
861 2647 954 2728 cop.
984 2631 1052 2720 49.
1079 2640 1223 2724 „quae
1252 2613 1470 2697 debellato
1493 2612 1671 2700 Othone
1698 2612 1747 2699 in
1776 2614 1937 2702 Italiam

252 2784 402 2867 „trans
430 2763 589 2848 Padum
618 2763 788 2880 copiose
818 2764 1010 2867 advenit,
1040 2785 1163 2879 gustu
1191 2778 1345 2877 grata“
1372 2788 1418 2849 et
1444 2763 1621 2852 omnino
1649 2765 1829 2882 quidem
1849 2795 1938 2852 caro

253 2914 428 3029 sapida,
468 2916 722 3003 ferculorum
760 2948 843 3002 non
886 2917 1077 3032 indigna.
1161 2921 1288 3003 Anno
1336 2931 1452 3028 1780.
1492 2946 1639 3003 mense
1681 2917 1937 3035 Septembri,

250 3064 575 3185 Astrachaniae,
617 3090 714 3185 post
749 3097 945 3183 magnam
982 3070 1223 3155 abocustis
1265 3071 1572 3168 calamrtatem,
1613 3067 1781 3184 copiosi
1824 3102 1938 3188 appr·

249 3246 371 3303 ruere
400 3218 748 3333 Caryocatactae,
777 3220 825 3304 in
865 3221 1114 3306 australibus
1151 3224 1204 3306 ad
1231 3224 1413 3335 Volgam
1441 3221 1542 3306 alias
1570 3252 1787 3339 nunquam
1815 3224 1937 3328 visae,

252 3391 297 3454 et
322 3390 508 3484 stragem
533 3368 708 3454 istarum
736 3372 975 3458 ediderunt.
1034 3382 1101 3457 An
1126 3402 1153 3456 e
1183 3372 1360 3459 Caucasi
1389 3372 1640 3467 altioribus?

387 3523 432 3604 N
438 3542 538 3605 ota.
594 3525 761 3609 Pondus
786 3522 993 3608 semilibri
1019 3527 1148 3640 paulo
1175 3524 1327 3609 minus.
1383 3528 1568 3636 Linguae
1595 3527 1761 3611 frenum
1786 3526 1936 3627 laxum,

250 3671 298 3756 in
324 3700 491 3756 saccum
516 3674 817 3787 sublingualem
843 3675 1087 3781 dilatabile,
1127 3676 1204 3791 qui
1243 3681 1297 3763 ad
1333 3683 1570 3791 Laryngem
1596 3660 1736 3791 usqne¹
1757 3666 1843 3794 per
1874 3706 1937 3793 gu·

253 3823 339 3904 lam
368 3821 634 3923 extenditur,
669 3849 716 3911 et
740 3827 898 3939 inquo
925 3825 1015 3912 avis
1044 3826 1215 3912 nucleos
1245 3830 1452 3916 Cembrae
1480 3830 1590 3914 ultra
1618 3845 1685 3917 50.
1715 3827 1936 3916 semuncia

249 3969 313 4060 iia
332 3966 551 4090 ponderis,
580 3976 838 4064 circumfert
891 3982 1133 4064 intestinum
1159 3980 1367 4095 pollicum
1396 3995 1458 4068 ιδ.
1494 3985 1630 4069 Coeca
1649 3982 1845 4099 aequalia
1870 3983 1934 4073 δ”.

630 4141 719 4257 54.
809 4131 922 4227 CO
950 4138 991 4227 R
1019 4143 1064 4229 V
1092 4141 1135 4228 U
1160 4142 1191 4229 S
1262 4138 1555 4234 Graculus.

386 4276 439 4365 C.
468 4276 661 4365 violaceo
676 4330 690 4345 ·
707 4279 948 4379 aterrimus,
981 4305 1114 4367 rostro
1140 4284 1404 4401 pedibusque
1431 4285 1580 4372 rubris.

471 4429 668 4518 Coracias
695 4454 831 4517 rostro
854 4431 1121 4549 pedibusque
1150 4434 1306 4536 rubris,
1343 4441 1501 4524 Bellon.
1532 4470 1596 4525 av.
1623 4448 1731 4530 icora
1759 4472 1828 4553 7⁰·
1864 4439 1932 4522 la·

529 4583 1037 4698 thanusynwlpior
1073 4601 1208 4694 mio.
1294 4638 1300 4649 ·
1453 4642 1456 4649 ·

471 4729 670 4819 Coraciaa
697 4734 1005 4842 cornubiensis,
1041 4739 1263 4855 Wiilugbb.
1289 4774 1451 4862 qm.p
1479 4758 1547 4834 86.
1575 4746 1664 4931 tob
1700 4782 1762 4857 ι9.
1804 4744 1927 4838 Aba

522 4915 592 4973 av.
619 4888 725 5002 1..p
759 4888 936 5004 17..rab
965 4906 1032 4998 ⁹4·
1289 4920 1320 4947 ·‘
1546 4946 1551 4959 ι
1601 4950 1604 4955 -
1790 4952 1794 4959 -
