4410 5910
256 384 347 486 258
1020 388 1170 448 ²¹⁹·-

251 625 298 691 et
323 595 508 717 hybrida
533 584 762 715 progenies
780 588 969 681 humana
995 622 1123 711 opera
1142 595 1346 712 producta
1364 592 1612 710 persensu
1636 594 1836 713 generit,
1865 598 1942 691 sed

252 776 418 840 tantum
457 780 555 835 cum
597 747 808 833 alterutris
842 746 1036 865 speciei,
1080 781 1104 834 a
1146 778 1229 865 qua
1268 747 1477 862 originem
1518 746 1676 855 habet,
1715 751 1945 842 individuo

251 914 424 1022 juncta,
465 903 579 986 unde
607 902 749 986 denuo
774 901 914 1017 proles
942 903 996 985 ad
1023 899 1205 1016 primam
1233 902 1412 986 formam
1439 899 1553 985 redit
1579 908 1660 1016 (⁴).
1716 906 1949 993 Variam

252 1055 533 1143 notabiliores
561 1050 672 1137 mihi
698 1076 863 1138 tantum
890 1077 976 1138 tres
1001 1051 1296 1155 innotuenmt,
1346 1088 1381 1139 ι.
1410 1058 1554 1168 Equus
1588 1076 1779 1169 mystaoe
1807 1078 1949 1143 setoso

253 1208 494 1294 circinnato
518 1203 565 1289 in
592 1204 804 1320 superiore
832 1204 950 1290 labio
975 1201 1173 1318 insignis,
1209 1232 1338 1320 quem
1363 1203 1411 1288 in
1437 1207 1673 1321 Spieilegiis
1700 1210 1845 1318 (Fore.
1871 1210 1949 1293 xi:

253 1390 295 1476 p.
326 1375 366 1449 5.
397 1358 484 1443 tab.
513 1372 551 1445 5.
571 1361 657 1472 fig.
687 1365 748 1469 6.)
789 1354 1014 1472 descripsi3
1058 1389 1096 1438 a.
1127 1354 1239 1468 Equi
1266 1354 1413 1441 rossici
1448 1378 1543 1441 toto
1566 1386 1746 1473 corpore
1769 1360 1867 1475 pilo
1892 1360 1950 1447 la·

252 1510 446 1612 nilormi,
474 1509 658 1625 crispato
686 1532 731 1595 et
758 1512 982 1606 undulato,
1009 1503 1411 1624 prolixiore-vestiti
1425 1514 1531 1620 (**),
1556 1514 1673 1622 cujus
1701 1513 1950 1629 exemplum

252 1662 384 1747 etiam
412 1665 524 1776 apud
550 1660 805 1748 Bascbltiros
833 1682 1040 1747 memorat
1078 1662 1165 1744 Cel.
1194 1660 1232 1741 F
1236 1661 1322 1744 alle
1363 1668 1522 1766 (maer.
1550 1663 1632 1743 Ill.
1664 1694 1707 1776 p.
1736 1674 1868 1773 ⁶⁹90)
1904 1686 1950 1753 ω

251 1811 329 1928 qui
355 1812 422 1897 sui
448 1811 614 1897 similes
639 1837 863 1927 generatim
907 1827 945 1900 3.
976 1818 1119 1926 Equus
1145 1813 1272 1927 plane
1299 1812 1438 1896 nudus
1461 1833 1507 1896 et
1534 1811 1714 1928 depilis,
1753 1812 1958 1930 pulcheri-

250 1963 385 2049 rimae
414 1964 603 2068 formae,
630 1965 706 2081 qui
734 1962 815 2049 fuit
840 1963 957 2050 inter
981 1961 1145 2079 equiria
1172 1961 1316 2048 ultimi
1342 1968 1594 2050 Tatarorum
1617 1961 1960 2081 Chrymensin'

252 2111 396 2202 Chuni
422 2116 603 2200 Sebahin
623 2126 753 2230 girei,
795 2138 840 2201 et
883 2113 959 2230 qui
984 2137 1132 2201 conns
1159 2112 1461 2229 intemperiem
1499 2104 1609 2201 aeris
1639 2145 1814 2234 semper
1849 2116 1949 2207 urd-

249 2287 354 2357 ctus
371 2268 616 2352 ducebatur.
643 2314 701 2338 -
737 2275 788 2353 In
815 2265 1056 2354 borealibus
1084 2264 1185 2380 equi
1212 2262 1392 2381 plurimi
1415 2286 1558 2351 aetate
1580 2264 1806 2383 acquirunt
1832 2273 1951 2385 jubm

252 2419 484 2517 admodum
524 2418 734 2533 prolixas,
775 2449 902 2536 saepe
941 2421 1033 2503 lere
1073 2419 1127 2502 ad
1166 2438 1322 2501 terram
1360 2419 1666 2534 dependentes.
1690 2434 1746 2489 -'
1784 2427 1950 2539 Hyem'e

253 2568 356 2684 equi
383 2569 502 2655 omni
528 2570 830 2657 inclementiae
870 2567 1057 2686 expositi
1099 2568 1323 2697 sequimur
1354 2590 1452 2654 toto
1474 2600 1650 2687 eorpore
1677 2571 1836 2661 villum
1861 2574 1949 2663 lun·

252 2749 376 2836 gum,
402 2719 663 2821 subillatum,
691 2721 765 2837 qui
793 2721 933 2838 primo
962 2751 1060 2806 vere
1088 2721 1254 2807 defluit.
1307 2723 1441 2837 Apud
1464 2727 1670 2811 amasios
1693 2726 1830 2813 etiam
1854 2724 1947 2813 vidi

251 2882 495 2959 vamtatem
521 2905 546 2958 a
571 2876 823 2961 Jonstono
862 2872 1144 2973 delineatam,
1177 2874 1283 2990 juba
1307 2870 1465 2958 villosa
1499 2906 1524 2958 a
1565 2877 1735 2965 cervice
1763 2881 1948 2997 adusque

253 3024 432 3109 caudam
459 3054 540 3141 per
564 3027 731 3143 spinam
756 3026 1021 3133 continuata,
1064 3023 1142 3143 qui
1180 3024 1343 3111 strenui
1369 3050 1416 3113 et
1441 3029 1695 3115 robustiores
1723 3027 1944 3119 habentur.

260 3236 579 3259 m—

315 3366 370 3457 (·)
396 3370 425 3436 E
451 3369 562 3438 mulis
588 3392 674 3439 cum
697 3391 793 3470 equo
820 3372 882 3442 vel
906 3375 1008 3441 asino
1033 3374 1168 3465 junctis
1201 3372 1347 3464 prolem
1370 3376 1557 3464 generari,
1589 3380 1719 3444 eontnr
1743 3370 1939 3461 Bussenii,

399 3488 572 3576 effatum,
609 3512 705 3560 nunc
742 3499 831 3563 satia
868 3494 1086 3564 eonfirmata
1124 3512 1182 3560 res
1221 3501 1304 3580 est,
1339 3493 1404 3562 sed
1440 3494 1565 3585 proles
1595 3495 1780 3569 alterutro
1803 3496 1939 3589 patenti

399 3615 563 3679 nascitur
588 3613 762 3700 similior3
787 3624 916 3686 contra
941 3615 1136 3706 hybridam
1162 3635 1248 3683 eum
1271 3614 1428 3707 hybrido
1455 3640 1528 3689 non
1551 3624 1727 3710 gement,
1751 3620 1850 3689 unde
1873 3616 1937 3687 lor·

400 3752 460 3796 ma
486 3731 707 3819 degenerata
731 3742 927 3828 propagari
953 3741 1093 3836 nequit.

303 3899 383 3997 (¹³¹⁸)
410 3907 513 3995 Qua
539 3904 685 3994 lanata,
722 3929 832 3999 quem
865 3915 964 3979 cirea
989 3912 1135 3979 Pansam
1159 3909 1257 3996 vidi,
1297 3919 1378 3982 erat
1415 3910 1528 3983 lactet
1569 3911 1726 4001 eoloris,
1764 3922 1846 3986 tota
1875 3910 1932 4005 pit

396 4025 517 4094 multo
542 4032 727 4097 teneriore
754 4037 792 4098 et
818 4031 989 4100 molliore
996 4078 1014 4117 ,.
1049 4051 1159 4119 quam
1192 4037 1346 4120 equinus
1372 4032 1470 4102 solet
1494 4053 1575 4103 esse
1600 4041 1640 4103 et
1665 4041 1750 4125 agui
1786 4036 1928 4107 celrano·

396 4150 469 4216 eici
496 4147 657 4216 adinstar
683 4153 875 4241 crispato·
889 4152 1077 4225 undulato.
1141 4155 1248 4228 Aures
1273 4153 1438 4247 repletae
1464 4154 1547 4224 lana
1574 4162 1714 4249 σῆψις
1750 4166 1861 4251 caput
1880 4174 1926 4223 ut·

395 4288 470 4366 que
493 4268 540 4336 ad
563 4268 690 4339 oculos
716 4270 943 4345 undulatam
996 4272 1105 4347 &abac
1129 4282 1305 4370 caudaeque
1329 4277 1426 4368 pilus
1452 4279 1603 4368 rigidior
1629 4283 1673 4347 in.
1691 4278 1835 4351 eirrboe
1854 4294 1922 4348 sm·

392 4394 515 4473 toran
540 4387 587 4457 ad
612 4392 716 4459 basin
739 4380 848 4483 jubae
872 4403 912 4467 st
937 4398 1135 4469 secundum
1162 4401 1331 4485 dorsum,
1355 4399 1606 4500 lateribusque
1630 4405 1709 4471 aaa
1729 4402 1835 4475 valde
1852 4402 1919 4471 crit·

392 4529 465 4601 pa,
492 4511 669 4580 undulata
693 4516 733 4579 in
756 4515 926 4601 amabam
948 4526 1071 4589 totum
1095 4531 1218 4593 autem
1245 4522 1364 4593 vellus
1390 4524 1596 4593 undulatirn
1623 4527 1861 4614 interruptum
1875 4519 1915 4585 dl·

395 4638 561 4701 rectione
588 4633 721 4731 ubique
746 4641 954 4706 ususversa
980 4661 1044 4708 seu
1071 4644 1259 4729 annulari,
1299 4653 1340 4714 ut
1369 4653 1427 4716 est
1457 4648 1550 4714 situs
1575 4626 1783 4712 'sesmarum
1815 4642 1847 4712 iti
1867 4642 1913 4706 le

394 4748 475 4821 bra.
527 4752 790 4841 Admissarius,
816 4778 837 4826 e
863 4780 935 4852 qua
958 4768 1044 4829 nata
1068 4772 1168 4850 erat,
1196 4764 1367 4838 simfliter
1392 4766 1537 4838 umus
1562 4765 1695 4856 fuisse,
1734 4774 1774 4837 et
1797 4772 1912 4836 nnat!

388 4871 534 4960 prolem
561 4874 635 4944 sibi
660 4875 818 4948 similem
840 4898 1056 4975 procreasse
1086 4885 1293 4959 utaentur.
