4410 5910
1036 415 1186 495 ’ξ’-
1896 430 1952 511 ss

261 652 355 730 tae,
386 625 622 712 villosioret
650 645 695 708 et
722 624 936 710 breviores
965 633 1102 740 quam
1115 622 1290 739 “vulpis,
1333 622 1530 738 villisque
1568 626 1861 734 conniventes,
1891 622 1954 719 in·

259 800 331 864 tus
359 781 516 882 nudae,
553 779 732 879 fuscae,
757 778 1055 875 anfractuosae.
1112 775 1315 891 (Apicem
1355 775 1566 862 auriculae
1608 779 1763 865 animal
1805 806 1953 898 sponte

260 928 489 1015 introrsum
531 927 746 1040 inflectit.)
796 930 978 1015 Tumens
1020 925 1330 1030 villosissimus,
1372 936 1518 1015 vellere
1558 929 1605 1012 in
1640 953 1731 1015 toto
1775 960 1951 1048 corpore

262 1080 586 1184 candidissimo,
629 1078 775 1196 paucis
803 1079 1017 1165 interdum
1045 1082 1169 1166 dorso
1196 1079 1396 1196 inspersis
1431 1079 1533 1194 pilis
1561 1081 1707 1185 fuscis,
1752 1084 1950 1200 longiori·

260 1232 361 1327 bus;
403 1239 557 1345 lanugo
597 1231 748 1316 intima
791 1230 845 1317 sd
886 1253 1028 1317 cutem
1068 1230 1275 1333 canescit,
1319 1234 1461 1315 subtus
1496 1232 1622 1347 plane
1652 1236 1778 1319 alba’
1820 1240 1861 1321 V
1858 1245 1952 1323 illus

261 1380 550 1494 longitudine,
593 1383 777 1468 mollitie
819 1404 863 1468 et
903 1382 1111 1469 densitate
1140 1383 1363 1498 vulpinum
1398 1405 1584 1498 superat,
1627 1386 1832 1490 tenerior,
1875 1391 1951 1471 sed

260 1533 395 1647 magis
423 1536 576 1638 fluxus,
617 1534 840 1620 intricatus
880 1558 923 1620 et
962 1533 1211 1649 inaequalis.
1278 1537 1447 1620 Palmae
1475 1537 1818 1650 pentadactylae,
1861 1534 1950 1654 pal
2017 1580 2025 1596 ·

260 1684 358 1769 licis
387 1711 522 1799 ungue
552 1716 702 1786 curv03
732 1694 898 1802 plantae
924 1688 1245 1802 tetmdactylae.
1303 1689 1440 1798 Digiti
1480 1716 1626 1772 omnes
1663 1689 1807 1774 crassis
1848 1689 1949 1805 pilia

260 1867 391 1951 usque
435 1842 487 1922 ad
529 1839 669 1953 apices
699 1839 902 1942 connexi,
946 1838 1082 1923 laxius
1110 1840 1156 1924 in
1184 1837 1359 1954 plantis,
1402 1859 1450 1923 ut
1465 1838 1611 1923 'levius
1640 1839 1731 1923 nivi
1758 1839 1949 1926 inambu-

260 1987 342 2086 let3
379 1998 514 2074 soleae
543 1988 860 2093 villosissimae,
891 2013 1056 2105 praeter
1077 1987 1234 2075 callum
1256 1986 1386 2104 apicis
1401 1989 1650 2103 digitorum,
1681 1990 1787 2076 villo
1802 1995 1946 2096 denso,
2072 1960 2077 1969 .

252 2139 521 2243 duriuscule,
565 2140 769 2257 crispulo,
813 2121 1058 2256 argentam.r
1112 2144 1279 2255 Ungues
1320 2144 1521 2226 comeolr.
1587 2143 1735 2227 Gauda
1775 2143 1947 2227 dimidii

205 2272 208 2279 ¹
251 2291 453 2375 animalis
483 2293 770 2408 longitudine,
808 2316 942 2397 recta,
981 2279 1087 2379 villo
1123 2294 1312 2396 rudiore,
1363 2295 1417 2377 ad
1439 2308 1470 2378 -3
1498 2294 1603 2409 poll.
1633 2294 1780 2407 longo,
1824 2295 1945 2380 undi-
2056 2397 2063 2411 Ι

258 2473 340 2556 que
370 2445 528 2548 lanata,
573 2469 619 2530 ut
647 2445 824 2531 crassior
852 2444 1026 2561 vulpina
1065 2468 1282 2561 appareat,
1325 2446 1459 2528 flocco
1489 2443 1643 2558 exiguo
1667 2446 1857 2559 pilorum
1883 2445 1945 2535 ni.-

256 2623 427 2708 grorum
453 2595 500 2680 in
528 2629 690 2682 summo
719 2596 854 2713 apice.
912 2598 1076 2681 Pondus
1105 2595 1240 2681 adulti
1268 2594 1469 2679 librarum
1497 2620 1661 2710 septem
1697 2627 1794 2681 curn
1822 2595 1945 2682 dimi·

253 2746 341 2833 dia.
397 2751 591 2834 Mensura
605 2783 629 2835 a
641 2779 743 2835 naso
758 2751 812 2835 ad
827 2779 951 2832 anum
972 2758 1015 2833 ι’.
1032 2752 1091 2836 5‘'.
1108 2757 1178 2834 6'''.
1193 2747 1374 2832 altitndo
1391 2750 1451 2833 ad
1465 2749 1653 2865 scapulas
1674 2757 1718 2835 1‘.
1736 2773 1773 2833 o.
1790 2747 1859 2834 lim.
1891 2751 1944 2834 ad

253 2900 420 2984 lumbos
474 2910 517 2985 ι’.
549 2937 586 2987 ο.
614 2906 701 3010 γξω.
745 2923 870 3017 caput
905 2902 958 2984 ad
993 2898 1177 2984 nucham
1207 2902 1266 2987 δ”.
1297 2900 1366 2987 5‘'‘.
1395 2899 1733 2986 circumferentia
1757 2898 1944 3007 =extremi

252 3052 379 3135 rostri
409 3058 468 3138 δ”.
499 3057 570 3140 6'‘'.
600 3056 746 3138 baseos
785 3055 844 3140 5'‘.
876 3054 945 3139 3“‘.
983 3049 1133 3166 capitis
1175 3052 1234 3137 δ”.
1265 3055 1335 3139 5”’.
1377 3052 1492 3137 oculi
1534 3052 1734 3138 distantia
1776 3087 1802 3138 a
1842 3082 1943 3138 naso

251 3206 315 3288 n‘'.
347 3205 419 3289 3“'.
461 3201 683 3319 longitudo
723 3203 839 3300 oculi
866 3206 961 3315 74⁰2
1005 3201 1167 3287 aurium
1195 3201 1395 3287 distantia
1425 3206 1477 3287 ab
1502 3206 1628 3289 oculo
1652 3217 1717 3289 '2'ss
1750 3204 1942 3289 altitudo

250 3357 315 3441 '2'‘.
348 3358 419 3441 6'“.
449 3354 629 3442 latitudo
668 3357 763 3443 basi
804 3369 863 3442 2⁰.
893 3359 964 3468 7'''.
1005 3355 1226 3470 longitudo
1267 3355 1371 3439 colli
1413 3364 1473 3440 δ”.
1504 3362 1574 3443 5‘''·
1602 3356 1943 3441 circumferentia

251 3511 313 3618 '7”.
343 3507 529 3622 corporis
572 3485 704 3593 medii
745 3508 1085 3595 circumferentia
1110 3510 1200 3592 '12'ss
1243 3506 1465 3621 longitudo
1506 3509 1665 3595 caudae
1704 3503 1795 3589 sine
1836 3499 1942 3591 villo

261 3665 343 3743 10⁰.
376 3647 446 3744 8''“.
476 3657 643 3743 humeri
674 3671 732 3748 δ”.
770 3665 862 3745 11‘'‘.
906 3653 1162 3746 antibrachii
1190 3661 1250 3762 4⁸.
1282 3661 1351 3744 3'“.
1381 3659 1550 3776 palmae
1577 3661 1637 3745 δ”.
1668 3669 1742 3766 9'''.
1762 3646 1940 3742 ‘femoris

250 3812 312 3896 δ”.
344 3813 440 3902 6l'“.
481 3812 613 3896 tibiae
643 3822 704 3915 4⁰.
728 3823 805 3926 ⁴7'''.
835 3812 1008 3930 plantae
1044 3814 1103 3899 δ”.
1134 3819 1227 3904 itm.
1293 3812 1508 3925 Pingucdo
1540 3839 1629 3896 non
1661 3841 1790 3928 parca
1829 3809 1941 3895 inter

251 3965 432 4065 femora,
463 3962 509 4047 in
537 3962 692 4048 lumbis
721 3984 765 4047 et
792 3979 916 4079 supra
941 3962 1148 4080 scapulas.
1202 3964 1423 4071 Omentum
1442 3961 1665 4048 'interanea
1697 3961 1841 4048 omnia
1862 3963 1940 4047 oo

248 4117 446 4219 volvens,
462 4115 587 4200 striis
617 4112 820 4230 adiposis,
862 4113 977 4199 inter
1005 4115 1211 4203 anfractus
1245 4113 1544 4200 intestinorum
1567 4111 1726 4230 positis
1749 4096 1939 4208 clathra-

248 4288 353 4368 tum.
412 4271 607 4352 Laminas
636 4265 832 4382 adiposae
861 4267 1070 4351 lumbares
1085 4288 1294 4381 angustae.
1353 4269 1499 4383 Hepar
1512 4239 1806 4378 majusculum,
1835 4294 1938 4378 pon·

251 4421 351 4505 dere
381 4420 467 4504 fere
494 4417 739 4522 triuncia‘le,
770 4418 1055 4519 sexlobatum,
1097 4419 1259 4529 cystide
1280 4448 1437 4534 magna
1455 4416 1737 4503 -llavowiri‘di
1763 4416 1937 4498 instruc·

251 4591 361 4655 tum:
402 4573 518 4656 labus
544 4581 705 4656 sinister
732 4576 877 4681 major,
914 4568 1063 4674 uvalis,
1092 4571 1318 4656 intermedii
1343 4558 1480 4674 acuti,
1519 4554 1631 4653 :alter
1670 4584 1747 4682 'pro
1774 4562 1939 4677 cystide

255 4722 389 4821 maus,
417 4724 572 4808 denter
596 4725 747 4809 obtuse
774 4721 1027 4838 triangulus,
1057 4724 1132 4808 sub
1153 4738 1246 4838 sq'uo
1274 4730 1423 4808 terrulis
1450 4723 1571 4840 lo'bus
1599 4717 1816 4830 ligulams,
1839 4710 1939 4798 ‘bas-i

259 4867 550 4956 biauriculatus
577 4897 623 4958 et
648 4877 908 4989 Spigelianus
943 4872 1149 4990 triquetro
1165 4923 1179 4938 ·
1196 4874 1407 4990 ligulatus.
1463 4876 1571 4956 *Lien
1598 4871 1783 4957 obscure
1802 4867 1937 4968 ruber,
