4410 5910
926 348 1077 408 m
1752 329 1842 446 56⁷

286 547 512 633 Suelteri.
542 543 654 643 aris,
713 573 840 661 quam
868 541 1150 649 „Columbom
1177 545 1419 658 sylvestrem
1447 572 1469 630 e
1485 547 1609 654 flasco
1636 561 1677 630 et
1705 564 1843 633 costo·

149 733 255 810 „neo
282 708 418 786 colore
445 709 635 785 veriorem
663 698 874 814 appellat,
906 696 967 781 ita
994 695 1151 784 habet:
1176 701 1399 803 „Rostrum
1425 700 1616 797 fuscanti
1655 699 1844 786 os'intus

146 856 374 960 „rubrum;
403 884 523 938 nares
552 856 607 938 ad
620 850 849 937 dimidium
876 852 966 935 fere
993 851 1134 952 rostri,
1164 855 1240 936 sub
1267 851 1490 936 tuberculo
1518 852 1694 965 fungoso
1722 851 1845 942 sitae.

146 1007 308 1113 „Irides
336 1007 594 1091 avellaneae.
652 1009 806 1107 Frons,
836 1025 1009 1106 vertex,
1035 1005 1210 1089 :collum
1238 1026 1401 1108 toturn,
1441 1005 1657 1118 jugulum,
1699 1026 1843 1120 pecto·

147 1159 236 1265 „ris
264 1190 359 1274 pars
387 1159 582 1260 cinerea,
613 1158 696 1242 oris
723 1157 960 1272 plumarum
990 1156 1239 1273 (spadiceis)
1267 1157 1590 1243 rufescentibus.
1647 1161 1756 1242 Gula
1783 1157 1845 1244 la·

148 1334 221 1418 „te
252 1311 446 1412 cinerea,
500 1309 737 1396 uniformis.
795 1313 978 1397 Pectoris
1012 1308 1100 1395 ima
1126 1342 1221 1426 pars
1256 1334 1302 1396 et
1329 1315 1562 1410 abdomen,
1621 1310 1836 1412 albicant,

144 1462 261 1566 „oris
290 1464 461 1579 gryseis.
518 1467 700 1549 Dorsum
727 1466 938 1574 usquead
967 1466 1144 1548 caudam
1173 1465 1714 1580 coerulescentinigrnm,
1755 1492 1843 1548 sca·

146 1619 300 1732 „pulae
328 1619 446 1703 fusco
475 1615 784 1731 nigrescentes,
816 1614 900 1702 oris
928 1614 1121 1703 omnium
1149 1617 1387 1732 plumarum
1416 1617 1638 1733 spadiceis.
1709 1618 1876 1713 Remi,

138 1802 247 1883 „ges
276 1769 486 1884 margine,
515 1768 691 1854 rectrice
721 1769 841 1884 apice
870 1770 1147 1866 mlescentes3
1176 1767 1448 1855 humerorum
1474 1770 1645 1885 plumae
1673 1761 1845 1853 crisci·

144 1947 455 2027 „nerescentes
527 1925 676 2009 Gauda
702 1920 848 2036 nigra,
888 1921 1135 2007 rectricibus
1164 1922 1310 2038 apice,
1351 1926 1405 2009 ad
1432 1921 1680 2038 pollicarem
1708 1913 1844 2033 longi·

141 2073 368 2178 „tudinem
417 2078 732 2160 coerulescente
747 2072 952 2178 -albidis,
1011 2074 1185 2159 extimis
1232 2075 1364 2159 etiam
1406 2074 1595 2189 margine
1644 2093 1841 2159 externo.

140 2228 306 2328 „Pedes
356 2227 765 2328 livescens-rubri,
821 2226 1030 2339 unguibus
1070 2226 1237 2312 albidis.
1314 2229 1481 2313 Pondus
1522 2240 1565 2322 δὲ
1606 2224 1841 2311 unciarum.

144 2382 367 2478 ,Mensura
407 2383 460 2464 ad
502 2379 754 2497 uropygium
794 2400 838 2492 7}
878 2380 983 2496 poll.
1027 2383 1184 2467 caudae
1225 2398 1288 2489 4¹³⁶
1313 2381 1422 2498 poll.
1451 2409 1732 2497 expansarum
1759 2373 1843 2462 ala·

144 2562 269 2635 „rum
299 2552 385 2624 aaa
412 2532 547 2649 poll.“
603 2535 755 2622 stell.

519 2785 645 2889 176.
671 2771 1209 2880 “WWMBA
1287 2781 1476 2912 fusco.

279 2989 329 3075 C.
357 2990 498 3093 fusca,
529 2990 736 3104 uropygio
766 2992 887 3091 albo,
916 2991 1045 3076 fascia
1074 2992 1301 3078 rectricum
1330 2995 1463 3107 nigra.

365 3143 574 3228 Columba
608 3128 753 3227 minor
773 3145 915 3247 tusce,
934 3133 1073 3231 'Gmet
1097 3132 1191 3240 selas
1206 3146 1293 3230 obs.
1325 3149 1416 3231 MS.

279 3293 421 3379 Etiam
450 3292 561 3379 hanc
590 3294 700 3379 mihi
728 3296 894 3380 fortuna
921 3326 1006 3381 non
1035 3297 1190 3382 obtulit
1204 3333 1216 3397 ς
1264 3299 1428 3383 eminus
1455 3296 1590 3382 risam
1618 3316 1839 3385 venatores

145 3443 351 3557 aliquotas
377 3447 631 3535 indicarunt.
712 3451 974 3533 Gmelinus
1027 3449 1172 3534 omnio
1213 3453 1346 3535 semel
1389 3449 1570 3555 habuit,
1627 3450 1674 3536 in
1716 3452 1836 3566 sylva

144 3596 455 3709 Crasnojarensi
483 3602 537 3683 ad
563 3600 804 3700 Jeniseam,
852 3602 1012 3718 oppido
1041 3601 1206 3700 vicina,
1247 3605 1323 3687 sub
1350 3603 1482 3689 linem
1511 3603 1694 3718 Augusti
1720 3601 1838 3705 occi<

143 3774 255 3846 sam;
284 3755 400 3859 cujus
429 3751 758 3866 descriptionem
787 3753 961 3867 reliquit
989 3777 1261 3869 sequentem:

276 3901 457 3986 Descr.
474 3894 708 4005 ‘„Rostrum
738 3908 791 3988 ad
816 3906 936 3990 basin
966 3908 1356 4014 subcoerulescens,
1395 3941 1492 3996 cum
1520 3910 1659 4026 fungis
1687 3914 1834 3997 oblon·

136 4049 257 4160 „gis,
299 4081 439 4136 versus
468 4052 632 4168 apicem
661 4057 888 4142 corneolo·
904 4058 1103 4144 albicans.
1162 4062 1456 4177 Palpebrorum
1484 4063 1720 4176 margines,
1762 4070 1831 4148 iri·

136 4202 317 4316 „desque
345 4206 506 4318 pallide
537 4208 758 4292 lutescunt.
825 4212 988 4326 Capitis
1017 4212 1201 4297 anterior
1226 4245 1321 4328 pars
1349 4213 1626 4314 coerulescit;
1667 4216 1741 4299 sed
1769 4243 1832 4298 re-

137 4349 311 4463 „liqua,
342 4379 389 4438 ut
417 4379 461 4438 et
489 4387 638 4471 corpus
667 4392 788 4475 supra
815 4385 966 4465 totum,
994 4366 1134 4465 fusca,
1164 4363 1335 4448 cinereo
1353 4415 1366 4428 ·
1381 4364 1597 4451 levissime
1624 4365 1744 4480 quasi
1772 4364 1829 4448 ir-

136 4523 315 4600 „rorata
377 4506 639 4617 Uropygium
666 4508 907 4595 candidum.
965 4516 1073 4599 Gula
1101 4537 1144 4597 et
1172 4516 1362 4628 jugulum
1389 4519 1506 4603 fusco
1534 4516 1825 4624 cinerascunt,

137 4674 212 4753 „et
240 4656 383 4739 subtus
411 4655 573 4771 reliqua
609 4657 790 4748 cinerea.
863 4666 1010 4752 Coudo
1045 4668 1293 4777 rotundatu,
1353 4670 1827 4785 almeo-nigrescens,
