4410 5910
396 392 500 525 158Ι
1155 401 1308 467 .-

392 637 505 694 nunc
533 604 666 721 magis
692 628 819 729 atque
849 600 986 721 magis
1010 598 1209 692 adbiberi
1246 607 1495 720 coeperunt.
1560 603 1773 731 Feminae·
1800 599 2084 701 Americanas

391 762 637 874 jamdudum
663 759 887 847 interiores
912 780 1050 845 vestes
1075 786 1166 847 suas
1193 754 1540 852 indusiaeformas
1567 787 1593 845 e
1620 758 1865 854 Ciciliorum
1897 755 2083 875 pellibus

391 941 594 1011 consuere
621 933 871 1013 sueverunt,
909 940 1011 1026 quaa
1048 884 1233 1023 integias
1259 936 1335 1024 per
1360 907 1835 1031 incisuramposticam
1859 910 2084 995 ¹detractas

390 1063 452 1150 ita
478 1073 678 1179 jungunt,
709 1087 757 1149 ut
784 1067 905 1149 dorsa
931 1061 1191 1178 elegantiora
1218 1082 1340 1146 extus
1367 1084 1614 1179 appareant,
1640 1094 1739 1158 curu
1753 1059 2084 1183 adhaerentibus

391 1217 559 1315 caudis,
588 1240 754 1304 ventres
780 1216 864 1303 sint
889 1213 1091 1311 interiore
1118 1216 1265 1307 latere.

529 1372 572 1457 N
578 1394 679 1457 ota
735 1372 972 1456 Americoni
999 1390 1044 1453 et
1069 1397 1124 1452 ex
1152 1338 1293 1457 insula
1320 1367 1480 1474 Kadiac,
1514 1367 1741 1461 American
1781 1366 1927 1467 vicina
1964 1362 2087 1451 allati

393 1520 534 1610 Citilli
561 1523 720 1609 similes
747 1525 835 1608 fere
863 1518 1187 1615 Casaniensihus
1215 1519 1409 1634 guttatis,
1438 1523 1514 1617 aed
1541 1523 1669 1638 paulo
1695 1528 1874 1636 majores
1901 1542 1947 1604 et
1982 1549 2087 1637 pun·

394 1674 474 1771 ctis
500 1675 636 1763 minus
664 1673 889 1772 distinctis.
934 1673 1072 1791 Caput
1098 1703 1223 1790 supra
1249 1704 1275 1757 a
1288 1704 1401 1767 ¹naso
1428 1673 1639 1767 albicante
1668 1676 1725 1760 ad
1749 1673 1923 1790 occiput
1948 1672 2087 1760 inten-

393 1858 436 1912 ae
463 1828 769 1937 ferrugineum,
810 1826 994 1941 collique
1022 1826 1153 1910 latera
1178 1825 1452 1927 latescentia3
1493 1849 1708 1945 caeterum
1732 1828 1895 1942 subtus
1935 1823 2085 1914 albidi.

394 1982 539 2079 cauda
578 1984 720 2067 subtus
759 1977 1129 2093 longitudinaliter
1167 1979 1272 2087 rufa
1302 2030 1353 2046 -·-
1393 1983 1582 2087 Dourion
1621 1990 1802 2077 uarietas
1840 1977 2086 2093 majuscula,

393 2133 614 2235 exalbida,
641 2154 855 2249 punctata.
883 2181 939 2196 —
967 2129 1092 2217 Circa
1119 2099 1324 2216 odanam
1353 2155 1398 2216 et
1424 2133 1470 2217 in
1498 2131 1659 2252 campis
1697 2160 1840 2224 versus
1871 2138 2017 2247 Tyron
2043 2131 2087 2214 11.

390 2286 579 2404 parvuli,
605 2284 681 2379 rix
707 2284 1000 2384 dodrantales,
1030 2283 1206 2372 maculis
1235 2282 1343 2369 albis
1369 2283 1570 2400 perlatis,
1598 2308 1648 2370 ut
1666 2283 2085 2386 Casanienaes3.cau·

391 2441 446 2532 da
472 2438 577 2525 item
604 2467 689 2523 non
715 2459 899 2553 pennata
924 2437 999 2521 sed
1025 2435 1167 2521 tereti.
1236 2441 1312 2530 De,
1337 2436 1512 2552 reliquis
1541 2440 1665 2536 Confi,
1691 2439 1799 2527 Nou.
1826 2439 1945 2550 Spes.
1973 2436 2087 2553 Quo·

392 2592 620 2704 drapsdum
646 2622 668 2676 a
696 2592 871 2678 Glirium
898 2591 1060 2692 outae,
1100 2588 1131 2674 l.
1160 2589 1235 2682 cit·
1264 2593 1425 2678 uaccae
1453 2591 1752 2711 sacculiferae,
1790 2612 1840 2678 ut
1862 2587 2087 2677 inscium

392 2742 562 2848 striato,
602 2741 784 2835 Cricetis
817 2765 863 2835 et
888 2741 1142 2858 quibusdam
1182 2741 1341 2829 simiis.
1411 2741 1734 2832 Animalculuau
1768 2741 1940 2858 frigoris
1964 2740 2085 2830 'adeo

391 2894 619 3015 impatiens
644 2892 756 2983 intra
783 2893 1015 2985 stadiorum
1040 2893 1287 3009 quindecim
1314 2893 1561 2984 distantiam
1579 2927 1614 2984 a
1639 2893 1748 2982 mari
1774 2893 1970 3010 glaciali,
1999 2920 2088 2981 ver·

389 3078 458 3140 tua
484 3046 591 3137 ostia
619 3054 837 3165 Kovymae
862 3050 904 3133 fl.
933 3048 1200 3135 observatum
1227 3078 1253 3131 a
1279 3049 1335 3133 D.
1363 3049 1421 3133 D.
1442 3050 1598 3135 Meris.

823 3384 981 3508 ‘xvi
1056 3396 1625 3507 SPALACES.

525 3641 722 3753 Spalaces
748 3624 895 3720 omnes
923 3642 1238 3724 subterraneam
1282 3643 1369 3724 fere
1414 3638 1547 3724 vitam
1575 3638 1755 3739 ducunt,
1797 3632 2014 3764 radicibus
2039 3654 2086 3720 et

389 3788 533 3879 bulbis
559 3790 804 3905 plantarum
826 3787 1042 3894 viventes,
1081 3820 1183 3905 quas
1209 3791 1425 3878 canalibus
1452 3793 1529 3877 sub
1558 3786 1746 3906 caespite
1776 3784 1964 3893 effossis,
2004 3808 2086 3872 ter·

390 3971 483 4026 ram
508 3969 586 4057 per
612 3937 837 4022 intervalla
865 3941 1044 4026 cumulis
1073 3967 1315 4058 egerentes,
1356 3965 1403 4028 ut
1446 3941 1628 4057 Talpae‚
1665 3939 1869 4053 indagare
1909 3960 2099 4045 uoruut3⁸

391 4099 505 4179 Raro
531 4091 578 4177 in
606 4086 872 4205 superficient
895 4112 1032 4179 terrae
1061 4093 1239 4198 exituri3
1267 4098 1380 4184 unde
1406 4094 1506 4200 visu,
1526 4123 1675 4210 parum
1702 4093 1794 4204 (vel
1820 4090 1951 4207 plane
1977 4096 2093 4205 non),

391 4244 573 4361 pollent.
628 4240 801 4359 Species
829 4243 952 4330 nobis
977 4267 1085 4349 tres,
1120 4251 1205 4336 duo
1234 4253 1287 4337 ad
1314 4245 1653 4336 Promontorium
1680 4251 1822 4331 Bonae
1852 4241 1958 4358 Spei
1983 4240 2088 4334 buo·

390 4425 521 4515 usque
561 4395 858 4498 innotuerunt3
899 4426 979 4483 nec
1015 4401 1165 4487 dubito
1198 4404 1342 4519 plures
1384 4398 1522 4487 adhuc
1550 4401 1708 4503 latere,
1751 4426 1930 4513 quarum
1956 4424 2102 4503 unam,

391 4550 437 4637 in
463 4551 645 4639 Taurica
674 4548 939 4638 Chersoneso
968 4550 1062 4638 dari
1088 4552 1270 4671 suspicio
1297 4576 1380 4658 est,
1420 4551 1636 4637 canalibus
1662 4579 1739 4668 per
1767 4579 1921 4665 magna
1950 4547 2095 4668 spatia

391 4703 626 4793 rectissima
654 4705 770 4794 linea
796 4708 1123 4825 procedentem,
1152 4736 1296 4821 quam,
1325 4705 1564 4807 esumulis,
1591 4734 1676 4807 nou
1703 4711 1908 4836 majoresu
1933 4708 1977 4809 δ.
2002 4736 2088 4793 aas·

389 4866 581 4973 quaeqae
589 4863 753 4976 judico,
769 4864 846 5005 aad
859 4858 1016 4973 animal
1031 4859 1149 4950 sulla
1160 4856 1353 4998 busdam,
1364 4859 1558 4966 adhibita
1571 4889 1700 4989 Opeffl
1711 4885 1939 4977 PROGUW
1950 4852 2104 4997 Emis.
