4410 5910
254 460 345 548 270
1022 454 1177 505 ““““““““’““·“

262 702 269 718 ·
390 656 624 762 Mamm
649 678 705 737 ex
733 650 878 737 adulto
920 651 1244 735 emanantes:
1284 645 1582 761 Magnitudine
1610 653 1838 764 superabat
1864 683 1949 739 om·

250 840 349 912 nes3
378 837 566 896 nrensura
595 805 648 889 ad
675 800 930 916 uropygium
964 804 1009 883 1‘.
1028 801 1089 888 5'‘.
1112 801 1184 908 9¹⁰.
1212 801 1369 884 caudae
1398 801 1480 885 10⁹.
1501 798 1625 884 ulnae
1647 800 1808 887 alarum
1828 818 1875 890 ι’.
1891 810 1950 892 a“.

254 963 474 1077 aequabat.
529 957 661 1041 Irides
687 955 887 1071 pedesque
914 949 1154 1036 flavissima.
1211 949 1380 1036 Plumae
1416 979 1548 1079 aeque
1585 980 1633 1036 ac
1674 951 1832 1067 lanugo
1873 986 1950 1070 per

253 1136 391 1199 totum
417 1136 569 1223 corpus
596 1104 696 1192 nive
725 1102 1004 1189 candidiores.
1074 1109 1127 1188 In·
1152 1102 1332 1203 vertice,
1376 1101 1563 1205 cervice,
1604 1103 1718 1188 collo
1746 1103 1948 1193 inferiore

251 1284 297 1348 et
324 1262 471 1376 jugulo
498 1257 615 1374 scapi
641 1259 879 1372 plumarum
906 1253 1091 1339 tenuiter
1119 1282 1306 1367 gryseae.
1363 1256 1580 1367 Remigum
1604 1269 1671 1343 23.
1699 1255 1841 1370 prima
1861 1259 1950 1343 bre·

252 1412 339 1516 vis,
370 1434 518 1526 quarta
544 1407 809 1524 longissima,
847 1406 1007 1522 priores
1035 1426 1227 1490 extremo
1255 1405 1532 1521 angustiores,
1575 1428 1724 1493 acutae
1754 1408 1948 1513 adtritae,

251 1587 297 1649 et
325 1585 493 1678 praeter
519 1583 683 1645 sextam
709 1560 836 1675 paulo
873 1585 1014 1641 versus
1049 1553 1215 1669 apicem
1257 1557 1558 1670 angustiorem,
1597 1557 1775 1645 omnino
1814 1581 1865 1643 ut
1902 1559 1948 1647 iu

251 1716 403 1801 Aetate
429 1740 659 1827 europaeo,
691 1707 961 1795 secundariae
991 1728 1183 1792 extremo
1210 1712 1434 1793 rotundato
1463 1730 1662 1794 resectae.
1718 1712 1872 1797 Cauda
1887 1740 1949 1798 ro·

250 1868 448 1950 tundata:
488 1872 675 1949 rectrices
716 1881 800 1945 tres
835 1858 1032 1971 utrinque
1073 1857 1268 1943 laterales
1296 1861 1564 1962 decrescunt,
1609 1895 1649 1946 a.
1676 1862 1848 1948 mediae
1876 1860 1949 1947 rix

250 2014 483 2129 longiores,
528 2012 744 2099 acutiores
771 2033 816 2094 et
851 2010 972 2125 apice
1001 2009 1265 2094 rariusculae.
1340 2013 1485 2096 Testae
1523 2013 1612 2096 lere
1659 2013 1948 2100 semilsnatae.

253 2164 479 2251 Caeterum
508 2162 633 2250 rostri
662 2165 816 2261 forma,
851 2188 967 2263 cera,
994 2165 1152 2275 pedum
1179 2161 1454 2276 proportione
1483 2185 1528 2247 et
1556 2163 1762 2262 verrucis,
1792 2164 1948 2251 alamm

251 2317 387 2400 cauda
412 2314 656 2401 breviorum
685 2341 897 2414 mensura,
927 2310 1122 2397 omnibus
1149 2312 1333 2397 numeris
1359 2310 1505 2397 Asturi
1534 2311 1792 2402 simillimus.
1855 2320 1948 2429 Quo

254 2468 460 2569 seniores,
499 2494 552 2550 eo
580 2463 779 2548 dicuntur
804 2461 1072 2548 candidiores
1099 2464 1292 2547 evadere.
1364 2464 1499 2548 Pedes
1526 2465 1735 2551 anniculis
1761 2489 1809 2553 et
1835 2465 1949 2553 bien·

254 2617 378 2703 nibus
406 2616 706 2717 fulvescentes,
741 2613 978 2726 iisdemque
1007 2614 1159 2699 liturae
1187 2619 1459 2699 flavescentes
1499 2613 1545 2699 in
1586 2613 1684 2719 alit,
1727 2640 1881 2703 ventre
1906 2637 1948 2705 et

253 2770 401 2853 cauda.
459 2772 553 2851 Mas
582 2796 606 2849 a
634 2763 792 2850 femina
820 2763 932 2848 nihil
959 2763 1105 2847 differt
1133 2767 1295 2869 colore,
1339 2795 1418 2851 nec
1446 2767 1560 2852 mole
1586 2796 1670 2881 qua
1695 2768 1947 2885 plerumque

247 2940 339 3003 tres
360 2917 488 3003 libras
510 2916 738 3002 excedunt.
795 2922 1014 3000 Venantur
1031 2921 1239 3030 Lepores,
1268 2914 1513 3030 Urogallos,¹
1539 2922 1726 3018 Anates,
1753 2923 1947 3007 Anseres.

253 3068 414 3171 Pisces,
441 3067 574 3153 etiam
604 3069 714 3151 lame
742 3064 894 3181 pressi,
925 3097 1010 3152 non
1038 3064 1272 3179 adtingunt.

389 3294 433 3378 N
440 3315 539 3381 otc.
594 3296 796 3405 Pharynx
825 3294 878 3376 ad
907 3289 1045 3376 sinum
1073 3290 1257 3406 pectoris
1298 3291 1344 3377 in
1386 3322 1553 3379 saccum
1597 3324 1670 3380 seu
1711 3293 1947 3415 ingluviem

251 3444 482 3565 pendulam
533 3442 781 3531 dilatabilis.
859 3445 1070 3527 ltestinnm
1119 3441 1497 3560 sesquitripedale;
1552 3448 1739 3567 Jejunum
1782 3449 1945 3569 amplis·

253 3596 422 3680 simum.
480 3599 616 3681 Coecc
643 3626 766 3711 supra
792 3595 980 3682 cloacam
1007 3591 1265 3681 minutorum
1293 3594 1423 3683 instar
1449 3596 1627 3684 sinuum.
1700 3605 1854 3689 Testes
1878 3602 1943 3689 ob

253 3744 382 3861 longo
411 3744 687 3858 cylindracei.
1559 3732 1565 3743 ’

355 3966 363 3981 α
424 4050 512 4149 37.
602 4036 1154 4136 ACCIPITER
1222 4047 1411 4140 Nisus.
1481 4048 1781 4149 TAB.XIl.

389 4252 446 4335 A,
474 4276 572 4335 cera
608 4248 890 4355 vireaseente,
933 4250 1112 4338 iridibus
1150 4256 1413 4372 pedibusque
1451 4256 1594 4359 flavis,
1639 4256 1771 4374 digiti
1816 4256 1940 4349 medii

254 4400 490 4518 extimique
517 4401 679 4518 papilla
706 4400 858 4489 conica
885 4402 1070 4518 duplici,
1098 4405 1346 4496 rectricibus
1373 4407 1766 4525 quadri-lascinia
1801 4424 1937 4503 mare.

469 4552 693 4669 Accipiter
719 4550 1013 4669 fringillarius,
1038 4558 1279 4646 Auctorum.

470 4703 601 4791 Nisus
627 4705 1000 4808 striatus,·Friscl1.
1027 4741 1094 4797 αυ.
1122 4731 1154 4809 t,
1183 4745 1251 4820 90.
1279 4710 1440 4801 femina
1464 4734 1511 4809 et
1534 4712 1694 4831 juniora
1722 4736 1757 4809 t.
1783 4750 1851 4829 ⁹¹·
1871 4744 1930 4827 οι

471 4853 714 4972 Accipiter,
743 4860 927 4950 Brasos.
954 4866 1102 4952 omitlr.
1127 4867 1163 4950 l.
1192 4884 1234 4980 p.
1265 4879 1359 4971 διο,
