4410 5910
321 694 327 703 ‘
381 657 584 748 Bochnris
607 660 816 743 Miachuls

381 811 596 927 Mongolis
620 814 709 910 Mn
737 805 927 895 Buraetis
952 809 1233 918 lay-noctus
1262 803 1499 895 Calmuceis
1524 810 1622 896 Mis.

278 1024 282 1030 -
381 960 630 1051 Morduanis
653 963 788 1062 Κόως
815 955 1127 1045 Tschuvasohis
1152 958 1358 1043 Koschois.

382 1112 574 1202 Votiacis
597 1116 813 1209 Kotschis5
838 1107 1163 1196 Tacheremissis
1188 1110 1297 1196 Pisis
1324 1108 1396 1196 vel
1418 1113 1524 1199 Pris-
1557 1147 1563 1157 ·

382 1265 560 1381 Vogulis
582 1267 830 1360 Mo’tscht'si3
857 1261 1041 1350 Ostiacis
1067 1265 1230 1374 Kyty..
1408 1242 1412 1249 ’

385 1416 864 1532 CarsgassoSamojedis
890 1415 1102 1527 Kyschlto.

382 1567 586 1683 Tengutis
610 1571 739 1655 Line
792 1566 910 1652 Indis
936 1570 1163 1652 Bilohwoe.

247 1793 264 1821 .
381 1718 579 1810 Armenia
605 1723 742 1818 Kom3
768 1717 955 1809 foemina
977 1721 1203 1808 Katzkatu·

381 1871 554 1991 Japonis
578 1873 712 1987 Nego.

413 2199 464 2279 In
491 2192 622 2310 sylvis
646 2188 778 2277 totius
805 2192 911 2275 Fere
929 2186 1100 2276 Rossici
1122 2185 1304 2304 Imperii
1318 2187 1474 2277 (iatum
1499 2218 1601 2277 vere
1630 2190 1884 2309 sylvaticum
1921 2216 1971 2288 et

271 2347 414 2434 fenim*
427 2350 596 2432 Frustra
610 2371 804 2459 quaeras,
831 2341 914 2426 nisi
940 2341 1319 2457 fugitivsspassim
1346 2365 1390 2428 et
1415 2342 1463 2428 in
1484 2341 1670 2430 feritatis
1706 2368 1861 2432 statum
1896 2351 1970 2435 de·

270 2528 450 2616 ¹generes
472 2496 596 2595 velis,
618 2494 697 2610 qui
721 2516 868 2578 tamen
895 2494 1083 2610 speciem
1109 2524 1193 2578 non
1220 2517 1455 2609 propagant
1481 2518 1770 2612 spontaneam.
1804 2506 1968 2589 Verum

272 2651 323 2775 in
343 2650 481 2767 sylvis
506 2645 894 2781 promontoriorum
920 2645 1112 2744 Caucasi,
1135 2674 1271 2759 usque
1293 2649 1355 2732 sd
1374 2649 1552 2735 Cumarn
1573 2649 1750 2736 fluvium
1772 2653 1968 2770 frequen·

274 2826 339 2889 tes
365 2800 589 2918 capiuntur
618 2797 715 2886 Cati
741 2798 834 2898 feri,
857 2827 964 2913 qnos
996 2797 1059 2881 ibi
1085 2798 1230 2882 Tatari
1265 2802 1525 2913 Mem-getis
1558 2800 1618 2911 (i.
1643 2828 1686 2886 e.
1716 2803 1968 2916 sylvestrem

270 2956 459 3063 Catum)
488 2951 715 3068 appellent.
770 2951 1023 3037 Stellevus
1049 2948 1239 3065 prodidit
1273 2951 1379 3035 olim
1416 2951 1461 3035 in
1496 2957 1598 3038 urbe
1637 2956 1818 3055 Tomsk,
1854 2956 1967 3046 inter

275 3133 451 3204 merces,
477 3136 579 3218 quas
611 3102 827 3191 Calmucci
853 3103 956 3188 illuc
979 3104 1144 3187 adferre
1172 3102 1374 3204 solebant,
1390 3104 1515 3188 fuisse
1543 3104 1677 3220 pelles
1692 3111 1843 3216 felium
1852 3114 1966 3220 fero·

275 3288 389 3355 non,
416 3255 661 3342 domesticis
689 3253 867 3339 cinereis
894 3252 1146 3354 simillimas,
1173 3257 1248 3341 sed
1276 3253 1486 3340 coloribus
1514 3255 1736 3342 variantes.
1765 3264 1891 3347 Unde
1906 3264 1966 3350 vi·

272 3409 402 3494 detur
427 3405 641 3493 interimis
668 3405 797 3491 Asiae
824 3405 961 3519 sylvas
988 3405 1219 3519 pervasisse
1244 3404 1352 3491 haec
1374 3409 1461 3492 fera
1483 3407 1620 3521 stirps.
1661 3410 1800 3497 Pelles
1815 3442 1965 3502 eorum

270 3561 377 3647 satis
400 3560 483 3645 vili
507 3560 649 3675 pretio
676 3559 915 3641 venduntur
936 3580 985 3641 et
1008 3560 1152 3643 colore
1181 3587 1313 3673 aeque
1342 3588 1391 3644 ac
1425 3558 1711 3671 variegatione
1737 3559 1849 3647 hanc
1875 3570 1965 3650 esse'

275 3744 425 3830 putam
452 3714 698 3797 domesticae
712 3713 817 3820 felis
835 3706 1009 3824 stupent
1025 3733 1216 3824 arguunt.
1235 3763 1284 3778 ·-
1315 3710 1560 3798 Domestica
1594 3740 1672 3826 per
1707 3735 1846 3798 notum
1886 3721 1965 3801 Im·

276 3864 443 3982 perium
469 3861 705 3962 Rossicum,
732 3884 897 3977 praeter
923 3885 1069 3976 gentes
1098 3866 1327 3967 Nomadas,
1355 3865 1550 3978 frequens
1578 3886 1712 3949 estet
1745 3865 1860 3950 lndit
1900 3900 1968 3953 va·

277 4010 498 4101 rietatibus
525 4011 731 4131 plurimis,
760 4009 970 4098 rarissime
996 4017 1103 4123 rufo,
1130 4016 1306 4130 rufoque
1341 4013 1528 4127 virgata,
1569 4044 1676 4130 quae
1715 4015 1762 4100 in
1799 4018 1966 4136 reliqua

276 4166 443 4282 Europa
471 4165 576 4254 sdeo
608 4168 817 4282 frequens.
871 4165 1100 4280 Praecipue
1128 4166 1267 4250 cultae
1305 4166 1530 4253 varietates
1569 4190 1666 4252 sunt
1703 4169 1815 4273 alba,
1853 4203 1968 4262 cano

276 4318 452 4433 rufoque
481 4318 706 4418 maculosa,
736 4314 932 4402 at'errima
956 4339 1002 4399 et
1035 4317 1237 4401 uniformi
1268 4320 1424 4416 colore,
1459 4319 1802 4434 plumbeo-cana
1812 4381 1825 4421 ,
1862 4356 1965 4440 quas

274 4471 403 4584 vulgo
426 4469 646 4573 sitimus,
675 4468 835 4586 qnippe
861 4468 908 4553 in
935 4469 1091 4554 Sibiris
1130 4469 1474 4583 frequentiores,
1496 4473 1741 4588 appellant,
1777 4473 1884 4562 licet
1917 4479 1964 4567 in

273 4605 396 4709 omni
415 4623 569 4711 Rossia
593 4651 621 4708 e
647 4621 780 4736 nigris
807 4643 1044 4719 nascantur,
1072 4643 1117 4706 et
1138 4645 1239 4706 sunt
1265 4621 1413 4738 utique
1439 4622 1553 4708 inter
1579 4623 1964 4716 domestiossmun·

275 4773 396 4874 ditis,
423 4776 568 4860 indole
596 4798 640 4860 et
665 4775 825 4858 vellere
852 4771 1143 4858 nobilissimae
1171 4798 1216 4859 et
1248 4775 1599 4890 elegantissimae,
1628 4775 1842 4864 interdum
1870 4785 1962 4867 sul>

269 4948 537 5043 argentatae,
579 4957 756 5045 quatum
779 4927 914 5045 pelles
938 4925 1164 5043 plusquam
1191 4926 1434 5043 nigrarum,
1471 4956 1497 5013 e
1533 4929 1690 5044 quibus
1722 4953 1963 5036 nacontur,
