4410 5910
1032 389 1179 450 Ε
1860 393 1944 482 ¹97

258 598 346 718 lus,
393 591 854 711 aliarum-Tungusis
887 595 1153 682 lamentabili
1194 591 1353 680 musica
1390 590 1669 680 monochordi
1707 591 1754 680 in
1783 593 1944 687 miseri·

259 749 450 839 cordiam
477 749 592 837 flecti
620 748 732 836 vidit
756 751 811 834 N.
838 751 1061 860 Solrolof.
1127 753 1231 833 Sunt
1266 747 1394 834 variis
1422 746 1581 834 morbis
1609 748 1787 834 obnoxii
1815 772 1859 834 et
1886 748 1942 838 fa-

257 902 342 989 cile
370 901 665 990 vulnerabiles.
722 902 939 989 Scabiosos
973 905 1187 988 Nomades
1224 899 1420 1016 'asphalto
1447 900 1668 1016 inungunt.
1735 908 1943 987 Generan·

256 1079 326 1142 tur
354 1053 485 1140 etiam
513 1054 561 1139 in
596 1053 864 1143 Camelorum
900 1055 1138 1141 ventriculo
1174 1053 1506 1170 Aegagropilae‚
1551 1085 1574 1137 e
1604 1054 1802 1139 ramentis
1827 1054 1944 1168 plan·

255 1231 397 1293 tarum
437 1230 765 1321 coagmentatae.
838 1202 1056 1295 Calmucci
1110 1211 1294 1293 referunt
1344 1205 1530 1320 hybrido
1572 1235 1794 1321 congressu
1833 1202 1945 1291 hanc

257 1359 446 1477 speciem
474 1387 672 1472 generare
695 1388 791 1444 cum
815 1360 1114 1462 Dromedario‚
1143 1358 1407 1473 hinnuloque
1429 1358 1532 1442 duos
1547 1358 1722 1472 quidem
1743 1388 1831 1442 esse
1856 1356 1945 1472 gib·

255 1496 379 1597 beros
409 1513 485 1595 sed
512 1510 714 1614 minores,
744 1512 993 1626 praesertim
1020 1511 1245 1630 posticum.

394 1665 438 1746 N
448 1682 546 1749 ota.
605 1667 750 1783 Colore
785 1663 968 1751 variant:
1022 1669 1148 1780 vulgo
1186 1693 1334 1779 gryseo
1381 1664 1452 1749 vel
1497 1663 1767 1767 subterraneo,
1813 1660 1947 1777 magis

255 1813 449 1899 minusve
478 1817 678 1918 obscum,
695 1819 1026 1931 flasco-gryseo,
1051 1817 1212 1935 pallide
1234 1819 1450 1914 exalbido,
1478 1816 1523 1900 in
1548 1814 1698 1928 quibus
1719 1817 1829 1930 apud
1853 1815 1947 1900 Cal·

254 1998 427 2052 muccos
464 1967 637 2082 quidam
671 1968 811 2085 capite
848 1968 945 2056 cuni
980 1992 1098 2086 parte
1137 1969 1239 2055 colli
1269 1970 1433 2069 albent3
1479 1966 1564 2052 azbi
1593 1970 1703 2081 apud
1731 1968 1946 2050 Nomadas

252 2117 456 2223 rariores,
487 2121 728 2235 frequentes
756 2121 804 2209 in
831 2121 1005 2225 Tauria,
1043 2145 1090 2206 ut
1118 2145 1163 2207 et
1189 2121 1355 2238 pallidi.
1377 2170 1434 2189 -
1460 2121 1588 2235 Apud
1616 2125 1816 2205 Buraetos
1845 2149 1947 2234 quo-

253 2298 341 2386 que
371 2294 416 2355 et
443 2274 667 2388 Mongolos
695 2272 740 2358 in
769 2272 923 2388 frigida
950 2258 1094 2389 patria
1116 2274 1281 2362 Cameli
1308 2271 1483 2394 plurimi
1511 2296 1737 2357 nascuntur
1760 2271 1848 2358 albi
1875 2271 1945 2357 vel

254 2422 532 2509 albescentes.
590 2428 755 2508 Dantur
781 2423 828 2510 in
855 2425 1011 2511 Tauria
1040 2427 1172 2514 etiam
1200 2436 1328 2541 nigri,
1359 2423 1548 2512 omnium
1576 2427 1662 2510 fere
1692 2422 1906 2511 rarissimi.

597 2665 709 2759 116.
799 2665 1612 2761 CAMELUSDromus.
1688 2604 1691 2609 -

393 2856 443 2935 C.
471 2849 608 2967 topho
649 2852 762 2965 dorsi
797 2855 936 2942 unice.
976 2859 1083 2939 -Lin
1113 2876 1218 2968 syst.
1247 2858 1343 2938 XII.
1371 2859 1406 2940 Ι.
1434 2887 1476 2970 p.
1506 2887 1572 2961 9⁰·
1601 2885 1663 2970 sp.
1700 2890 1733 2940 1.

477 3005 675 3092 Camelus
701 3003 901 3109 Dromas,
935 3011 1079 3124 Prosp.
1109 3014 1235 3122 alpin.
1266 3037 1361 3122 aeg.
1391 3012 1426 3091 l.
1457 3041 1497 3123 p.
1529 3021 1620 3092 223.
1650 3007 1734 3092 tab.
1771 3043 1805 3090 r.

477 3156 796 3259 Dromedarius,
824 3164 1004 3247 Brisson.
1033 3164 1178 3278 quadr.
1209 3194 1249 3276 p.
1281 3175 1348 3249 33.
1380 3190 1442 3275 sp.
1475 3193 1513 3242 2.
1540 3160 1706 3268 Buffon.
1736 3161 1828 3245 hist.
1857 3179 1942 3245 nat.

530 3310 627 3394 XII.
656 3342 697 3428 p.
729 3312 821 3397 Ωιι.
852 3314 936 3400 tab·
965 3349 1004 3422 9·
1037 3348 1044 3359 ·

474 3458 663 3547 Arabian
693 3461 862 3565 Camel,
891 3468 1086 3553 Pennant.
1116 3498 1209 3580 syn.
1239 3501 1280 3582 p.
1315 3502 1403 3575 117.
1433 3496 1471 3551 n.
1501 3476 1567 3552 58.

365 3608 541 3697 Rossice
576 3611 838 3701 Bucharskoi
871 3617 1098 3738 Werbljurl,
1138 3621 1209 3706 vel
1246 3620 1555 3734 Odnogorbney
1588 3616 1809 3742 Werbljud.
1862 3626 1942 3705 130·

324 3817 327 3822 -
419 3761 559 3849 charis
590 3766 950 3856 Uschtura-Loch.

390 3917 521 4032 Apud
546 3921 761 4006 Nomadas
790 3947 952 4010 nostros
978 3955 1092 4032 raro,
1135 3955 1215 4015 nec
1244 3925 1330 4013 nisi
1354 3925 1469 4013 inter
1495 3953 1687 4042 proceres
1714 3950 1759 4010 et
1787 3923 1942 4013 ditissi-

250 4098 360 4156 mos.
418 4069 740 4157 Calmuccorum
768 4073 896 4160 alitur
928 4099 972 4163 et
999 4078 1149 4192 majori
1175 4080 1222 4164 in
1249 4077 1387 4197 pretio
1415 4074 1608 4165 habetur.
1667 4079 1944 4192 Frequentior

249 4220 302 4306 in
328 4218 494 4306 Persiae
521 4244 641 4337 parte
676 4225 938 4328 australiore3
981 4227 1124 4335 minus,
1155 4232 1290 4315 cultus
1314 4231 1371 4337 ,in
1408 4228 1602 4332 Natolia,
1650 4257 1726 4343 per
1760 4229 1944 4316 lubricas

250 4374 309 4458 ab
336 4368 527 4487 hyemali
554 4375 699 4492 pluvia
726 4376 815 4462 vias
842 4380 1040 4467 incedere
1068 4383 1217 4468 nescit.
1274 4383 1403 4499 Apud
1431 4411 1506 4466 nos
1528 4360 1692 4465 tantum
1721 4389 1854 4495 major
1874 4415 1942 4467 va·

250 4524 382 4612 rietas
409 4550 533 4633 nota,
574 4530 789 4644 procerior
817 4533 866 4620 C.
895 4544 1046 4620 Bactro
1075 4557 1119 4620 et
1146 4535 1343 4620 oneribus
1371 4532 1525 4617 iisdem
1553 4564 1648 4649 par,
1693 4533 1768 4616 sed
1796 4512 1941 4620 clima·

250 4678 311 4768 ris
337 4678 584 4796 impatiens,
621 4683 826 4788 tenerior,
870 4689 982 4772 unde
1011 4685 1086 4770 vix
1115 4685 1241 4771 Asiae
1270 4683 1491 4802 progenies
1518 4712 1606 4768 esse
1635 4704 1788 4799 potest.
1858 4693 1945 4773 Va·

249 4834 383 4925 rietus
410 4835 465 4919 ad
490 4832 767 4950 equitandum
793 4837 911 4924 utilis
941 4842 1187 4956 (Rugrmhr'l)
1225 4841 1337 4956 apud
1364 4866 1439 4924 nos
1467 4867 1553 4927 non
1580 4836 1682 4923 vise.
