4410 5910
1031 331 1177 385 Ξ
1862 329 1950 413 523

264 533 443 647 longius.
512 529 678 617 Pondus
712 526 928 616 varietatis
964 537 1142 614 creticae
1170 525 1392 614 minimum
1422 521 1719 613 drachmarum
1751 532 1816 612 ro.
1844 536 1954 612 sum·¹

261 716 379 771 mum
413 704 490 776 114.
545 689 725 798 Alpinae
754 680 965 768 albicollis
994 678 1287 766 drachmarum
1316 709 1360 790 7}
1387 682 1440 764 ad
1469 716 1508 788 9.
1537 678 1686 763 variat.
1746 684 1796 763 In
1824 685 1951 797 maJ'o·

260 836 372 920 ribus
414 862 606 918 mensura
634 835 687 916 ad
715 832 969 948 uropygium
996 837 1058 936 4⁹.
1090 832 1174 925 nam.
1218 833 1375 916 caudae
1406 834 1464 914 2‘'.
1495 833 1584 927 ΒΨ.
1622 830 1747 914 ulnae
1790 833 1952 918 alarum

257 997 316 1091 4‘'.
347 992 419 1069 a'‘'.
462 1015 738 1099 expansarum
782 990 864 1068 ra'‘.
893 987 963 1070 6⁰2
1004 983 1128 1069 rostri
1155 987 1223 1070 'ad
1263 985 1445 1067 frontem
1473 986 1561 1073 st'“.
1605 981 1755 1096 unguis
1795 982 1952 1099 postici

258 1141 330 1226 6¹⁰.
357 1186 414 1202 -
437 1139 525 1234 63¹⁰.
594 1141 781 1221 Intestini
815 1133 1036 1248 longitudo
1072 1133 1309 1218 10-11‘'‘.
1337 1163 1465 1219 coeca
1507 1133 1705 1248 pollicari
1748 1133 1951 1219 distantia

261 1293 424 1374 abano
458 1295 523 1374 1“'.
594 1292 849 1373 Ventriculus
884 1286 1100 1389 triturans,
1144 1315 1360 1388 carnosus,
1403 1287 1542 1369 durus.
1618 1287 1758 1370 Testes
1792 1286 1951 1371 Martio

259 1439 420 1542 exiles,
449 1440 523 1524 vix
553 1470 681 1555 grano
709 1438 822 1523 Milii
851 1445 1047 1551 majores3
1088 1437 1215 1524 initio
1242 1434 1404 1550 Aprilis
1432 1443 1517 1549 jam
1546 1438 1678 1537 aucti,
1716 1460 1765 1522 ut
1792 1461 1835 1522 et
1863 1440 1949 1524 foe·

257 1589 385 1679 minis
414 1590 616 1679 ovarium.
673 1595 816 1702 Cystis
843 1590 973 1674 nulla.

634 1769 758 1869 149.
854 1751 895 1838 A
923 1754 957 1839 L
986 1754 1028 1840 A
1055 1751 1098 1840 U
1124 1751 1169 1838 D
1195 1750 1240 1839 A
1313 1752 1603 1852 cristata„

407 1898 463 1980 A.
513 1894 672 1981 vertice
723 1893 873 2010 pennis
921 1892 1194 2007 longiusculis
1247 1892 1462 2005 quaternis
1509 1891 1712 1991 cristato,
1760 1893 1946 1981 rectrici-

254 2047 331 2130 bus
358 2045 497 2134 suscis.
569 2161 571 2165 y

471 2201 637 2284 Alauda
667 2198 835 2283 cristata
863 2200 1002 2298 minor
1029 2201 1201 2287 Aldrou.
1231 2229 1317 2283 orn.
1345 2200 1401 2281 II.
1432 2229 1472 2312 p.
1503 2209 1598 2305 847.
1634 2229 1675 2312 p.
1706 2209 1800 2302 848.
1848 2197 1947 2283 Wil-

526 2351 668 2462 taghb.
699 2383 784 2435 orn.
813 2384 854 2466 p.
893 2367 980 2438 152.
1008 2355 1101 2468 Raj.
1130 2382 1196 2433 av.
1225 2384 1264 2464 p.
1295 2363 1360 2454 69.
1390 2381 1430 2432 n.
1461 2362 1500 2434 5.
1539 2351 1721 2432 Brisssn.
1751 2380 1836 2435 om.
1863 2351 1947 2431 m:

529 2534 570 2614 p.
602 2516 695 2586 361.
725 2534 787 2617 sp.
818 2538 857 2607 9.
914 2502 1145 2587 D'Aubent.
1175 2509 1272 2614 pict.
1301 2501 1386 2585 tub.
1423 2514 1516 2586 503.
1536 2501 1621 2611 fig.
1653 2535 1692 2584 n.

479 2650 646 2736 Alauda
674 2654 891 2765 sylvestris
918 2626 1117 2767 galerita,
1146 2656 1301 2738 Friscb.
1332 2685 1398 2737 av.
1428 2650 1512 2734 tab.
1548 2663 1608 2735 15.
1634 2653 1720 2765 fig.
1752 2687 1791 2740 a.

472 2802 640 2886 Alauda
668 2803 853 2918 capitata
880 2804 1050 2889 cristata
1078 2801 1263 2907 viarum,
1292 2809 1426 2889 Klein.
1455 2834 1521 2885 uu.
1551 2836 1592 2917 p.
1623 2839 1690 2913 71.
1720 2837 1760 2889 n.
1789 2818 1830 2892 3.

361 2946 504 3038 Rossis
533 2955 766 3038 Chocblatii
793 2959 1120 3052 Dshaauoronolt,
1151 2958 1476 3056 Chochluschlro,
1505 2953 1720 3038 Sossedlro.

389 3110 533 3209 Hanc,
580 3103 626 3186 in
666 3106 905 3191 borealibus
941 3128 987 3189 et
1019 3105 1065 3190 in
1101 3103 1256 3191 Sibiria
1290 3135 1376 3188 non
1413 3102 1568 3203 visam,
1615 3104 1787 3219 copiose
1822 3108 1941 3194 alunt

252 3254 503 3367 campestria
546 3255 800 3341 australioris
842 3257 1029 3342 Rossiae.
1100 3264 1149 3340 In
1187 3259 1356 3341 deserto
1398 3251 1552 3368 Caspio
1593 3276 1638 3339 et
1674 3254 1787 3341 circa
1823 3288 1940 3345 mare

251 3403 442 3517 nigrum,
468 3437 564 3490 cum
594 3407 786 3519 sequenti
814 3408 1004 3492 mitiores
1031 3410 1191 3522 perfert
1217 3407 1396 3522 hyemes
1424 3428 1468 3490 et
1496 3405 1811 3520 ingravescente
1839 3412 1940 3524 gelu

251 3575 296 3643 et
320 3554 442 3653 nive,
469 3555 582 3641 circa
612 3560 733 3642 urbes
763 3581 805 3642 et
834 3589 962 3672 pagos
989 3583 1193 3663 versatur,
1232 3557 1410 3644 minime
1438 3555 1590 3641 timida
1619 3559 1847 3672 gallinulae
1874 3560 1938 3645 in·

250 3727 337 3790 star
364 3705 475 3792 circa
511 3709 658 3792 domos
693 3707 940 3794 discurrens.
1006 3709 1146 3795 Primo
1180 3710 1323 3794 statim
1357 3732 1530 3824 tepente
1567 3738 1665 3794 rere
1701 3709 1813 3795 circa
1848 3712 1937 3796 viae

251 3878 297 3941 et
322 3887 452 3972 pagos
479 3857 634 3972 prurit,
667 3891 754 3943 mas
783 3858 913 3946 instar
940 3861 1166 3976 gallinacei
1186 3860 1379 3945 demissis
1402 3860 1500 3960 alis,
1528 3885 1669 3947 erecta
1695 3862 1820 3946 crista
1842 3895 1935 3947 cau·

251 4011 410 4123 daque,
454 4040 552 4094 cunr
592 4010 719 4095 sibilo
760 4034 804 4097 et
838 4011 979 4127 pipitu
1015 4013 1128 4098 circa
1168 4013 1419 4110 foeminam,
1460 4036 1600 4098 erecta
1626 4013 1783 4128 pariter
1810 4013 1936 4100 crista

251 4159 558 4261 ambulantem,
593 4162 767 4248 choreas
797 4164 904 4276 agit,
939 4162 1055 4249 horis
1083 4162 1331 4278 praesertim
1366 4162 1631 4278 vespertinis.

387 4313 430 4394 N
437 4334 534 4398 ota.
593 4320 731 4427 Quam
758 4313 832 4399 hic
862 4314 980 4412 volo,
1009 4314 1135 4398 facile
1163 4311 1401 4426 agnoscitur
1422 4343 1445 4396 e
1467 4314 1617 4428 pennis
1637 4314 1809 4400 verticis
1835 4347 1934 4429 qua·

248 4485 344 4548 tuor
371 4463 617 4576 majoribus,
646 4464 895 4567 linearibus,
926 4464 1079 4578 nigris,
1106 4464 1548 4578 grymo-marginatis,
1593 4466 1640 4551 in
1677 4478 1846 4553 cristam
1874 4499 1933 4551 ar·

248 4613 392 4727 riguis.
449 4621 564 4699 Haec
593 4615 791 4701 foeminis
820 4614 979 4711 minor,
1015 4640 1200 4700 attamen
1240 4616 1451 4731 pennulae
1486 4617 1596 4701 inter
1624 4618 1804 4733 reliquas
1832 4619 1933 4703 emi·

249 4787 366 4852 nent.
438 4769 562 4858 Color
587 4766 717 4855 totius
751 4767 870 4882 quasi
898 4769 1112 4856 exsoletus
1141 4791 1185 4856 st
1211 4767 1323 4856 circa
1350 4766 1503 4856 faciem
1531 4770 1765 4856 exalbidus.
1838 4774 1931 4859 Col·

1496 4932 1516 4975 1
