4410 5910
263 438 349 520 352
1030 416 1175 457 ‘'¹¹¹''

1031 456 1176 474 n*

260 640 428 723 usculae
457 634 666 751 pallidae,
713 654 886 744 utraque
916 625 1081 720 ciliata;
1125 631 1282 710 lamina
1310 618 1594 738 supraciliaris
1638 621 1764 706 valde
1803 625 1959 740 promi·

259 791 380 894 nula,
411 789 581 872 nudata.
647 785 777 868 Irides
805 778 1111 865 fusco-luteae.
1183 780 1364 862 Dorsum
1404 775 1593 888 nigrum;
1634 773 1800 863 alarum
1840 778 1959 863 bases

259 966 304 1027 et
333 937 482 1056 corpus
510 941 652 1022 subtus
682 933 814 1048 magis
844 929 1060 1034 fuscescit,
1104 928 1313 1014 immixtis
1349 928 1506 1043 plumis
1544 925 1818 1043 nigrioribus.
1884 934 1957 1019 lte.

258 1104 388 1207 miger
414 1090 585 1204 nigrae.
624 1087 828 1206 primores
858 1100 897 1171 6.
928 1105 1189 1198 angustatus,
1227 1110 1375 1167 omnes
1403 1078 1580 1165 interius
1614 1085 1958 1195 grymo-sublat-

255 1247 405 1330 ciatae.
457 1244 606 1328 Gauda
628 1243 870 1340 rotundata,
902 1239 980 1323 alis
1000 1233 1250 1352 compositis
1272 1236 1399 1350 paulo
1420 1232 1609 1336 brevior,
1639 1231 1785 1345 nigra,
1815 1236 1957 1321 testri-

255 1394 374 1481 cibus
405 1397 501 1479 albo
530 1392 765 1508 variegatis.
840 1392 985 1475 Tibiae
1025 1385 1312 1502 longiusculae
1321 1448 1335 1486 ,
1379 1388 1432 1469 ad
1469 1383 1695 1469 articulum
1720 1384 1959 1502 digitorum

255 1549 343 1631 fere
373 1547 610 1661 plumosae,
648 1543 922 1658 nigricantes,
967 1542 1064 1625 albo
1092 1538 1246 1624 variae.
1323 1543 1460 1652 Digiti
1485 1536 1646 1654 pallide
1674 1533 1799 1643 flavi,
1843 1563 1959 1626 exte·

254 1696 341 1782 rior
380 1696 613 1801 versatilis,
658 1695 773 1814 plica
815 1725 963 1780 crassa.
1033 1695 1228 1778 Falculoe
1271 1692 1433 1806 nigrae.
1501 1694 1696 1777 Mensura
1737 1692 1794 1775 ad
1837 1723 1956 1810 urop.

260 1858 304 1933 ι’.
337 1851 396 1937 s'‘.
427 1854 498 1935 6'''.
528 1848 651 1933 rostri
681 1852 734 1933 ad
767 1847 853 1932 oris
886 1848 1057 1961 angulos
1087 1849 1147 1931 2⁶.
1177 1847 1265 1943 3⁰2,
1322 1844 1491 1932 caudae
1519 1846 1580 1951 9''.
1621 1844 1749 1929 ulnae
1794 1845 1954 1933 alarum

262 2009 305 2082 1'.
336 2002 396 2109 7‘'.
428 2003 498 2087 5“'.
539 2030 818 2115 expansarum
848 2004 898 2103 4'.
935 2001 1016 2083 11⁰.
1053 2000 1124 2102 4‘'‘.
1164 1996 1365 2111 tibiarum
1401 1998 1462 2100 4¹2
1505 1994 1641 2108 digiti
1685 1997 1827 2083 medii
1865 1998 1953 2085 sine

253 2180 393 2263 ungue
425 2154 484 2235 2⁰.
516 2153 585 2238 3⁰2
615 2149 764 2264 unguis
801 2152 854 2233 1''.
883 2148 1038 2263 postici
1075 2152 1128 2232 1“.
1159 2152 1247 2239 alm.
1275 2148 1425 2263 unguis
1453 2150 1586 2235 1''3‘''.
1642 2155 1783 2235 Datur
1827 2161 1948 2239 varie

253 2324 319 2386 tas
345 2331 441 2386 cera
469 2302 648 2417 pallida,
693 2299 925 2399 sublivida,
967 2302 1038 2385 rel
1080 2304 1353 2406 flavescente,
1396 2301 1543 2416 digitis
1584 2303 1744 2418 pedum
1771 2303 1948 2420 pallido

253 2454 657 2557 coerulescentibus,
702 2452 820 2538 tibiis
860 2456 914 2538 ad
957 2452 1179 2538 articulum
1220 2452 1448 2568 digitorum
1477 2454 1633 2538 annulo
1661 2455 1764 2541 albo
1793 2456 1945 2572 pluma·

254 2630 352 2706 ceo,
395 2635 570 2721 corpore
598 2609 741 2692 subtus
768 2604 970 2720 nigriore.
1027 2605 1083 2691 Hi
1117 2605 1363 2724 plerumque
1391 2636 1540 2692 mares.
1609 2604 1834 2693 Tectrices
1860 2610 1943 2692 sub

255 2746 332 2839 alis
361 2785 485 2872 saepe
515 2759 654 2862 albae,
704 2781 747 2843 et
773 2783 895 2874 supra
921 2763 1130 2874 quaedam
1155 2758 1369 2845 interdum
1397 2759 1692 2845 fulvescentes.
1767 2763 1943 2847 intestini

254 2906 475 3022 longitudo
503 2912 695 3026 octupla;
726 2943 848 2996 coeca
871 2915 954 2997 duo
975 2942 1060 2995 non
1074 2935 1223 2997 exacte
1238 2910 1456 3026 opposita,
1484 2909 1755 3026 longitudine
1771 2924 1798 3000 3
1813 2916 1940 3017 ad4''.

254 3063 397 3171 cyna
423 3062 548 3148 fellea
576 3065 769 3177 globosa,
813 3088 949 3150 sature
989 3063 1120 3149 viridi
1149 3057 1249 3148 felle
1278 3085 1461 3160 scatens,
1505 3065 1634 3148 ductu
1661 3065 1851 3182 duplici,
1890 3064 1941 3149 al·

253 3233 345 3296 tero
373 3213 492 3299 brevi
520 3213 809 3322 choledocbo,
854 3218 986 3302 altero
1013 3214 1163 3332 hepati
1179 3242 1202 3281 -·
1211 3212 1374 3330 cynico
1402 3217 1457 3300 ad
1483 3217 1728 3303 duodenum
1758 3220 1939 3305 tendens.

608 3377 693 3468 26.
784 3379 1150 3481 AQUlLA
1223 3377 1589 3497 leucorypbn.

392 3523 447 3602 A.
488 3520 608 3605 tibiis
648 3522 773 3608 nudis
813 3516 1008 3638 pallidis,
1051 3549 1148 3606 cera
1186 3520 1341 3623 livida,
1385 3550 1561 3637 corpore
1600 3521 1743 3627 msco,
1787 3518 1936 3609 manda

258 3667 426 3752 verticis
456 3672 563 3754 alba.

471 3823 632 3936 Aquila
659 3822 943 3940 leucorypha,
972 3829 1079 3913 Pau.
1108 3834 1198 3912 itin.
1224 3824 1260 3910 ’1.
1293 3856 1393 3943 opp.
1423 3857 1463 3911 a.
1490 3836 1531 3914 5.
1558 3830 1756 3914 Latiam.
1781 3831 1882 3942 Syn.
1903 3828 1933 3909 1.

527 4009 570 4094 p.
596 3995 665 4083 42.
695 4010 733 4060 n.
763 3991 828 4063 ab.

389 4131 607 4244 Nusquam
635 4128 718 4216 nisi
745 4128 791 4214 in
827 4130 1070 4217 australiore
1104 4132 1272 4238 Bossia,
1318 4129 1432 4219 circa
1474 4132 1657 4245 Volgum
1697 4155 1744 4219 et
1786 4128 1930 4248 Rhyn-

252 4303 353 4359 nunr
380 4276 577 4381 inferius,
604 4280 650 4367 in
679 4282 838 4369 vicinia
874 4283 999 4368 maris
1028 4284 1195 4402 Caspii,
1234 4306 1277 4371 et
1304 4284 1369 4370 ibi
1398 4312 1565 4399 quoque
1590 4285 1724 4370 rarius
1752 4290 1928 4372 observa·

252 4447 342 4527 tur,
368 4429 442 4514 ubi
471 4463 566 4517 cum
600 4437 903 4550 praecedente,
948 4436 1160 4552 Ossifraga
1188 4459 1234 4523 et
1262 4438 1457 4523 Haliaeto
1494 4436 1608 4523 circa
1648 4436 1767 4525 lacus
1799 4454 1926 4551 regunt

250 4600 297 4662 et
324 4579 370 4664 in
400 4583 616 4669 arboribus
645 4586 870 4674 nidulatur.
927 4588 1259 4675 Distinctissima
1284 4591 1447 4707 species
1475 4613 1519 4675 et
1543 4590 1649 4674 licet
1676 4621 1826 4707 parra,
1851 4614 1922 4673 orn

252 4729 375 4815 uibus
400 4755 544 4820 tamen
571 4737 684 4824 notis
711 4740 764 4823 ad
790 4741 969 4854 Aquilas
996 4744 1241 4850 referenda,
1281 4774 1385 4860 quas
1426 4765 1472 4831 et
1511 4740 1667 4830 habitu
1706 4732 1920 4845 resorbi!

251 4875 335 4965 hoc
361 4914 517 5001 genere
543 4921 641 4977 cum
667 4895 947 5006 praecedente
976 4893 1167 4982 minima.
1335 4988 1343 4998 ‚
