4410 5910
1014 324 1176 417 Β»
1852 336 1958 464 439,

393 539 448 621 ln
485 529 606 641 omni
645 529 815 628 Paomis,
853 527 1120 654 potissimum
1154 553 1389 651 temperata
1414 557 1461 621 et
1487 534 1752 634 australio're,
1790 563 1962 651 magno²

258 715 433 795 numero
461 689 727 800 frequentant
752 704 798 792 et
823 715 848 767 a
873 684 999 799 plebe
1028 684 1179 797 gentili
1221 686 1379 801 pariter
1418 710 1463 773 et.
1499 685 1728 774 christiana
1754 656 1960 801 hospitio

257 841 475 937 coluntur,
513 834 677 922 statutis
717 832 776 918 in.
805 834 889 919 alta
917 833 1080 949 pertica
1108 834 1219 921 circa
1247 840 1394 924 domos
1429 839 1549 936 ollis,
1589 839 1659 924 vel
1688 838 1861 926 doliolis
1874 855 1943 959 ¹ex‘

258 993 453 1074 arborum
479 985 638 1073 cortice
666 985 808 1089 factis,
850 1005 899 1071 ut
939 989 1133 1089 Sturnos,
1172 1009 1220 1071 ut
1258 1011 1356 1074 sunt
1387 987 1617 1075 familiares
1641 1013 1687 1075 ct
1713 989 1942 1106 procaculi,

257 1141 310 1223 ad
335 1139 459 1224 nidos
485 1134 613 1222 iniis
646 1139 888 1222 condendos
927 1135 1133 1242 invitent,
1174 1167 1253 1224 nec
1297 1140 1516 1242 falluntur,
1561 1170 1767 1256 aegreque
1797 1106 1947 1231 ‚ferunt

256 1289 292 1374 si
320 1288 415 1403 quis
442 1289 572 1374 talem
601 1287 750 1372 nidum
777 1291 944 1373 turbare
973 1288 1042 1374 vel
1072 1292 1268 1374 Sturnum
1295 1287 1408 1374 circa
1434 1317 1564 1404 pagos
1590 1290 1786 1379 occidere
1815 1290 1947 1391 velita

259 1443 375 1555 quod
401 1463 447 1526 et
475 1437 670 1527 Cosaccis
695 1438 963 1523 tanaensibus
991 1459 1034 1520 et
1075 1435 1309 1551 rbymnicis
1336 1443 1468 1526 nefas.
1486 1490 1543 1511 --
1570 1447 1622 1527 In
1648 1441 1835 1531 Sibiriae.
1852 1416 1961 1552 tates
2023 1457 2027 1463 '

254 1614 356 1676 tum
372 1588 674 1706 campestribus
703 1586 1049 1710 australioribus,
1067 1590 1232 1710 deserto
1259 1589 1518 1694 Barabensi,
1546 1593 1602 1679 ad
1626 1620 1800 1679 omnem
1819 1591 1948 1694 Irtin,

256 1741 499 1857 campisque
528 1738 640 1824 circa
670 1738 865 1822 alta'r'cum
895 1744 1039 1851 jugum
1065 1760 1109 1822 et
1135 1737 1370 1842 leniseam,
1399 1738 1686 1855 hospitantur..
1736 1743 1859 1865 Ultra
1880 1712 1962 1850 ,Ῐὲ

254 1891 419 1978 nisemn
453 1894 508 1977 ob
554 1888 759 2002 regiones.
785 1887 979 2002 frigidas,
1023 1889 1230 2002 sylvosas,
1272 1890 1492 2004 alpestres,
1514 1891 1690 2003 ¹sensim
1729 1860 1945 1980 deficiunt}

254 2045 495 2128 Secundum
522 2045 733 2156 Anga‘ram
774 2060 917 2123 tamen
955 2041 1100 2155 paucis
1132 2062 1229 2125 ante
1257 2070 1324 2129 me
1352 2039 1473 2166 annis
1500 2008 1810 2141 adscenderunt
1836 2048 1947 2128 Ircu·

252 2193 359 2277 tiam
386 2221 539 2307 usque,
568 2193 642 2275 sed
669 2188 923 2304 parcissimi,
951 2219 1089 2303 neque
1117 2190 1226 2280 ultra
1254 2189 1504 2304 campestria
1531 2190 1755 2305 Borgusini
1782 2195 1825 2276 fl.
1854 2221 1946 2307 per·
1988 2272 1994 2279 .

253 2364 479 2441 venerunt3
522 2341 609 2426 imo
649 2341 696 2423 in
737 2338 891 2454 apricis
920 2342 974 2427 ad
1003 2341 1224 2453 Selengam
1252 2340 1369 2426 etin
1397 2340 1586 2427 Dauuria
1624 2342 1751 2456 plane
1779 2343 1947 2428 desunt.

252 2493 512 2614 blidulantur
538 2493 666 2605 vulgo
691 2489 737 2575 in
765 2492 925 2577 truncis
952 2490 1136 2576 Salicum
1177 2514 1221 2577 et
1260 2491 1515 2605 Populorum
1542 2491 1671 2579 cavis.
1741 2493 1836 2580 Ova
1864 2489 1943 2576 cir·

252 2643 360 2729 citer
389 2658 427 2731 5.
456 2675 480 2729 e
510 2641 640 2729 viridi
653 2693 668 2708 ·
681 2642 877 2730 coeruleo
917 2641 1135 2757 pallentia.
1204 2648 1305 2739 Post
1342 2646 1562 2740 educatam
1617 2643 1800 2757 prolem,
1842 2670 1950 2756 quae

251 2796 465 2909 usquead
495 2816 738 2881 autumnum
765 2822 912 2908 grysea
941 2815 1005 2878 est
1015 2853 1029 2891 ,
1069 2790 1254 2918 primurn
1289 2789 1545 2876 cohortatim
1581 2795 1747 2893 volant,
1789 2795 1889 2880 dein
1919 2822 1947 2879 a

252 2966 342 3029 tota
369 2944 542 3056 regione
569 2945 615 3030 in
644 2941 903 3030 millenarios
931 2942 1141 3035 exercitus
1171 2965 1493 3054 congregantur,
1533 2965 1581 3043 ut
1606 2973 1731 3058 saepe
1759 2967 1945 3030 transvo-

251 3096 320 3180 lae
357 3095 487 3178 instar
521 3094 644 3181 nubis
686 3095 818 3180 solem
863 3092 1158 3208 intercipiant,
1200 3089 1469 3205 maximoque
1510 3121 1609 3175 cum
1650 3094 1828 3206 strepitu
1867 3122 1944 3207 per

252 3263 349 3334 aera
376 3268 590 3360 gyrentur.
619 3251 676 3356 (*)
732 3250 841 3329 Tum
871 3241 1031 3350 circum
1059 3266 1269 3341 armenta,
1295 3270 1373 3358 per
1400 3214 1573 3335 saliceta
1600 3261 1646 3325 et
1659 3211 1804 3343 'colles
1832 3241 1943 3356 gryl-

251 3397 305 3482 lis
335 3399 593 3481 abundantes
621 3416 843 3508 vagantur,
884 3392 931 3477 in
959 3392 1218 3491 arundinetis
1252 3415 1298 3478 et
1323 3388 1508 3476 salicetis
1542 3413 1809 3506 perqoctant,
1854 3420 1944 3474 sen·

252 3547 415 3671 simque
439 3576 578 3632 versus
600 3567 784 3665 austrum
806 3546 1021 3659 recedunt.
1042 3593 1100 3614 --
1125 3543 1387 3644 Primores
1415 3511 1614 3650 (Martio)
1641 3543 1840 3641 redeunt,
1868 3540 1943 3624 sed

251 3727 378 3813 saepe
407 3727 492 3782 non
521 3695 613 3779 veri
640 3693 786 3778 nuncii
813 3692 947 3792 veris,
989 3694 1216 3781 flavissimo
1244 3716 1337 3778 turn
1373 3713 1508 3778 rostro
1535 3690 1785 3806 etpedibus
1813 3667 1945 3775 fusco

251 3847 518 3958 rubentibus,
562 3843 796 3970 splendidis
835 3841 990 3959 plumis
1017 3843 1149 3933 nitidi
1173 3874 1341 3938 oannes,
1382 3841 1498 3928 item·
1516 3840 1784 3956 pingrnaaimi
1809 3862 1855 3924 et
1881 3861 1945 3923 tu·

251 3997 380 4083 midis
419 4004 505 4109 jam
544 3993 720 4080 testibus
759 4023 912 4097 mares,
955 3996 1030 4079 sed
1069 3994 1115 4083 in
1155 3992 1361 4108 Volgansi
1401 4014 1557 4098 tractu,¹
1576 3987 1947 4103 pediculosissimi,

252 4146 449 4233 lendibus
477 4149 530 4231 ad
558 4144 944 4268 basesplumarum
969 4142 1070 4233 toti.
1085 4143 1265 4268 obsessi,
1309 4144 1420 4243 made
1466 4142 1535 4245 in.¹
1559 4136 1809 4252 regionibus
1841 4169 1949 4254 aqua

253 4296 493 4385 carentibus
519 4295 779 4410 hybernasse
807 4268 1003 4408 apparet,
1041 4322 1140 4391 eam
1167 4323 1268 4383 sero
1293 4291 1543 4409 progeniem
1568 4289 1629 4395 in,
1643 4286 1948 4397 b9redioribus

298 4523 366 4615 -(·)
393 4510 608 4593 sturnorum
634 4508 766 4612 'genere
792 4498 981 4615 proprium
1001 4518 1223 4593 'catervatim
1248 4520 1374 4591 volare
1399 4528 1438 4591 et
1462 4467 1947 4625 quodanl'pllsb³brbe³dll·

299 4719 305 4726 .
399 4649 566 4732 comesi,
606 4646 773 4726 omnibus
810 4650 849 4713 in
884 4645 1044 4714 medium
1079 4662 1208 4732 agmen
1243 4640 1492 4714 tendentibus.
1531 4634 1651 4729 ‘Ilm
1679 4640 1757 4711 δὶα.
1789 4630 1945 4727 ηανξ.

399 4782 470 4855 “⁸9-
499 4767 574 4854 ²4·-
713 4854 717 4865 ,
760 4806 766 4823 ·
807 4799 870 4847 “a
914 4824 936 4839 ··
968 4814 1068 4849 aar»
1174 4814 1179 4827 ·
1256 4834 1259 4841 .
1451 4820 1470 4851 .‚
1612 4797 1659 4849 rr
1699 4793 1918 4851 ..nn„,=.‚—..,r
