4410 5910
258 433 343 518 172
1017 425 1166 479 -·=·-···-

747 683 834 781 92.
924 657 1102 749 MUS
1175 635 1441 744 Corsico.

260 854 264 859 ·
363 812 424 894 Μ.
454 810 587 894 cauda
629 806 783 919 longa,
827 832 1075 918 squamosa,
1124 795 1437 893 obtusiuscula,
1477 790 1644 877 auribus
1684 788 1937 907 majusculis,

254 958 411 1074 plantis
439 958 756 1074 semipalmatis.

475 1120 570 1198 Mus
599 1141 766 1213 canace,
810 1111 981 1193 Gmelin.
1024 1127 1128 1219 syst.
1169 1108 1261 1188 tin.
1289 1106 1324 1185 I.
1364 1134 1405 1218 p.
1441 1114 1528 1187 126.
1557 1120 1629 1213 spi·
1648 1116 1689 1203 4.
1729 1099 1936 1183 Schreber.

530 1265 841 1349 mommal.1V.
883 1293 981 1376 pag.
1012 1275 1105 1364 643.
1146 1259 1232 1344 tab.
1268 1292 1356 1368 ¹77·
1414 1258 1556 1342 Pallas
1596 1283 1688 1339 nov.
1736 1282 1800 1366 sp·
1837 1257 1938 1365 glir.

560 1431 694 1504 .335·
724 1417 808 1499 tab.
840 1427 907 1498 23.

363 1451 577 1683 Mongolis
604 1571 876 1652 Kato-chon.
919 1563 1152 1675 Samojedis
1193 1559 1435 1648 monticolis
1475 1560 1642 1656 cauda
1682 1561 1736 1645 ad
1762 1563 1871 1643 Kaas
1897 1555 1939 1640 ss.

416 1722 595 1815 Simuto5
631 1715 946 1804 Camaschinais
977 1719 1117 1802 Ustar.

389 1876 441 1956 In
480 1869 693 1955 ulterioris
722 1866 901 1953 Sibiriae
937 1869 1100 1981 magnis
1139 1867 1311 1953 lacubus
1354 1865 1543 1967 habitat,
1584 1896 1669 1951 non
1708 1887 1853 1949 tamen
1893 1860 1939 1949 in

254 2020 442 2108 maxime
470 2021 636 2106 boreali
663 2021 849 2105 climate.
906 2027 1038 2104 Natat
1065 2018 1254 2134 egregie,
1282 2019 1548 2107 cuniculatur
1570 2015 1617 2103 in
1645 2016 1771 2134 ripis,
1798 2012 1939 2103 solita·

254 2172 353 2261 rius.
409 2170 709 2286 Magnitudine
737 2173 811 2258 vix
839 2179 902 2259 M.
931 2173 1163 2257 decumano
1191 2170 1379 2258 insen‘or.

265 2522 270 2527 .
643 2407 729 2518 93.
820 2398 999 2490 MUS
1077 2398 1547 2490 tornaricinus.

391 2546 454 2630 Μ.
483 2544 615 2629 cauda
645 2541 871 2643 mediocri,
902 2539 1092 2628 obsoleto
1120 2541 1335 2645 annulata,
1364 2539 1595 2676 subpilosa,
1623 2569 1799 2659 corpore
1818 2569 1938 2659 supra

254 2723 407 2815 gryseo
420 2747 435 2762 ·
448 2696 702 2799 lutescente,
732 2699 875 2781 subtus
905 2697 1016 2781 albo.

472 2849 609 2966 Dipus
634 2846 925 2948 tamaricinus,
954 2848 1126 2934 Gmelin.
1155 2869 1260 2960 syst.
1289 2848 1379 2932 mn.
1407 2847 1440 2931 Ι.
1470 2876 1512 2962 p.
1533 2859 1619 2955 ¹59·
1647 2877 1713 2964 ap·
1735 2860 1776 2937 5.
1803 2846 1936 2933 Salas

532 3000 615 3088 ber.
643 3009 853 3088 mammol.
882 3002 955 3085 IV.
984 3035 1025 3118 p.
1138 3001 1223 3086 tab.
1255 3017 1347 3086 232.

473 3158 571 3238 Mus
599 3151 890 3255 tamaricinus,
919 3155 1072 3238 Pallas.
1100 3160 1232 3238 itiner.
1260 3155 1316 3238 II.
1344 3187 1388 3270 p.
1416 3152 1591 3268 append.
1620 3183 1713 3236 222.
1741 3181 1785 3232 n.

532 3306 638 3391 Nov-
667 3338 729 3422 sp.
754 3312 853 3418 glir.
884 3339 925 3419 p.
958 3317 1025 3391 88.
1054 3338 1093 3389 n.
1123 3320 1190 3391 δι.
1219 3306 1305 3390 tab.
1338 3341 1399 3413 19·

392 3460 443 3541 In
472 3456 691 3574 squallidis
727 3487 868 3543 versus
904 3486 1018 3542 mare
1058 3456 1278 3571 Caspium,
1319 3454 1432 3543 inter
1469 3452 1690 3544 tamarices
1729 3476 1775 3541 et
1815 3450 1935 3540 nitra·

254 3602 361 3705 rias,
396 3607 527 3693 rarius
556 3607 760 3709 occurrit,
800 3608 1018 3725 profundis
1047 3608 1252 3697 cuniculis
1279 3610 1426 3697 latens.
1496 3610 1568 3697 Ad
1593 3607 1784 3725 Dipodas
1811 3601 1934 3725 perti·

254 3784 356 3840 nere
383 3754 498 3845 haud
526 3759 712 3866 videtur,
742 3763 849 3846 forte
875 3759 1017 3877 potius
1046 3762 1100 3847 ad
1126 3766 1322 3877 Myoxos.

730 4096 879 4204 XIX.
959 4098 1460 4207 MYODAF„

389 4426 571 4512 Videtur
598 4424 682 4513 hoc
710 4452 841 4540 genus
879 4454 1056 4514 numero
1096 4427 1333 4543 specierum
1368 4456 1515 4513 omnes
1556 4428 1702 4514 affines
1742 4451 1932 4546 superare

250 4599 296 4665 et
324 4606 401 4696 per
428 4609 599 4665 omnem
626 4581 772 4666 orbem
797 4601 1000 4665 terrarum
1028 4579 1217 4697 apprime
1245 4579 1408 4665 varium
1447 4609 1556 4685 esse,
1598 4580 1669 4665 cui
1712 4601 1759 4666 et
1801 4602 1934 4669 totum

251 4730 489 4844 vegetabile
516 4762 692 4851 regnum
719 4762 797 4849 pro
823 4731 941 4820 victu
966 4756 1083 4849 patet
1110 4757 1156 4820 et
1196 4738 1315 4847 eujus
1356 4731 1539 4818 maxime
1585 4734 1744 4849 praeda
1787 4736 1931 4821 vivan

249 4878 434 4974 umores
461 4884 588 4976 letae.
659 4892 735 4976 Eat
760 4883 897 4996 enim,
937 4881 976 4975 ai
1008 4888 1124 5007 quod
1152 4886 1269 4974 aliud
1296 4884 1642 4976 animalculorum
1667 4912 1822 5004 genus,
1858 4882 1932 4971 im·
