4410 5910
1037 460 1184 531 ’ἔτ-’ἓ
1888 447 1948 549 69

257 692 311 751 ea
337 668 503 779 Narym
527 656 717 750 occisum
745 659 855 746 vidit
883 660 1146 748 Stellaru's.
1204 666 1254 744 In
1288 659 1559 753 Uralensibus
1599 660 1811 755 montibus
1840 631 1949 750 ¹dan·

251 838 328 900 tur
354 814 460 901 fusci
489 838 533 899 et
559 809 689 928 nigri,
735 814 824 898 imo
853 812 1061 915 aterrimi,
1103 835 1151 898 ut
1176 836 1272 906 sunt
1308 813 1441 897 eatuli
1478 841 1661 929 semper;
1702 814 1747 899 in
1791 816 1947 900 Sibiria

255 967 453 1083 plerique
491 967 617 1083 nigri.
689 965 810 1052 Roosi
839 960 1161 1051 distinctionem
1193 995 1387 1051 ursorum
1418 965 1579 1050 faciunt
1606 964 1652 1049 in
1683 971 1948 1076 formicet-ios

258 1094 601 1230 (Muraweiniki)
629 1140 673 1202 ct
709 1121 1018 1204 cadauerivoros
1055 1121 1350 1229 (Stcrveniki),
1393 1120 1468 1202 sed
1495 1117 1613 1202 nullo
1655 1117 1792 1202 solido
1832 1149 1947 1234 argu-

256 1293 422 1355 mento:
467 1271 632 1355 variant
658 1261 923 1357 solummodo
950 1270 1092 1355 colore
1120 1269 1190 1354 vel
1230 1269 1438 1382 nigriore,
1479 1270 1550 1352 vel
1589 1296 1614 1354 e
1655 1271 1771 1353 fusco
1813 1272 1946 1385 magis

253 1423 512 1523 rufescente3
554 1445 598 1506 et
633 1423 774 1538 magis·
795 1419 988 1507 minusve
1014 1420 1207 1507 iracundi
1236 1445 1280 1506 et
1306 1422 1496 1506 crudeles
1525 1423 1630 1504 fiunt
1657 1420 1757 1504 anni
1785 1443 1947 1538 tempov

254 1603 320 1676 re,
352 1597 520 1674 aetate,
549 1600 598 1661 et
626 1575 820 1660 alimenti
847 1574 971 1688 copia
998 1575 1068 1658 vel
1095 1573 1255 1688 inopia.
1313 1579 1363 1656 In
1391 1557 1684 1687 superioribus
1703 1572 1953 1686 regionibus,

252 1724 443 1812 Jeniseae
472 1727 591 1812 fluvii
619 1728 716 1814 albo
743 1725 1083 1840 nigroquerarii
1112 1725 1339 1840 aliquando
1366 1724 1546 1839 copiose,
1564 1725 1848 1811 observantur.
1911 1720 1914 1727 ’

700 2046 786 2134 18.
873 1977 1133 2131 unsus
1190 1986 1502 2130 marinas.

390 2293 444 2374 U.
488 2316 660 2401 corpore
703 2285 812 2371 alb0.
882 2288 989 2371 Poll.
1031 2294 1119 2372 itin.
1159 2288 1236 2368 ΠΙ.
1284 2318 1325 2398 p.
1369 2296 1463 2390 691.
1504 2287 1657 2399 spicit..
1680 2283 1799 2370 Zool·
1828 2284 1942 2369 XIV.

422 2474 464 2554 p.
500 2475 534 2521 1.
559 2439 646 2534 tab.
683 2473 716 2519 ι.

471 2618 598 2696 Ursus
627 2605 883 2715 maritimus,
914 2611 1042 2695 Gmcl.
1067 2566 1181 2724 Syst.
1210 2611 1429 2726 Lin01·‚p·
1459 2642 1547 2695 ror.
1577 2640 1639 2724 sp.
1669 2621 1707 2697 5.
1736 2610 1940 2694 Schreber.

527 2797 649 2879 mam.
678 2766 757 2847 ΙΠ.
785 2798 825 2879 p.
857 2777 949 2850 513.
980 2763 1064 2847 tab.
1100 2779 1188 2865 141.

472 2939 581 3023 Ours
600 3058 603 3063 .
619 2938 767 3052 blanc,
826 2939 990 3046 Buffon.
1034 2938 1127 3019 hist.
1169 2953 1253 3020 not.
1282 2941 1494 3068 'supplent
1536 2942 1617 3022 vol.
1655 2939 1731 3021 ΙΙΙ.
1774 2969 1814 3050 p.
1847 2966 1939 3020 που.

524 3090 609 3176 tob.
639 3101 706 3195 34.

471 3265 593 3390 lJolar
632 3227 760 3395 Bear,
808 3262 990 3345 Pennant
1037 3260 1140 3373 Syn.
1184 3293 1225 3374 p.
1270 3293 1358 3368 192.
1401 3262 1487 3346 tab.
1529 3294 1594 3347 ao.
1624 3263 1710 3375 fig.
1745 3203 1780 3344 ri
1819 3260 1967 3392 Zoot

523 3434 623 3498 aret.
652 3416 688 3498 Ι.
717 3445 758 3527 ρ.
789 3427 858 3500 53.
884 3447 924 3497 n.
958 3425 1020 3498 ιδ.
1078 3539 1084 3547 ¹

359 3621 500 3707 Rossis
527 3625 679 3740 Bjeloi,
708 3625 883 3741 rnorskoi
910 3621 1132 3740 iijedwed,
1175 3626 1313 3726 (ursus
1339 3621 1457 3708 albus
1483 3623 1557 3706 vel·
1582 3618 1828 3732 marinus)
1923 3628 1928 3640 ’

359 3773 589 3886 Samojedis
630 3774 683 3857 ad
711 3756 982 3885 Mangaseanr
1006 3773 1129 3858 Sira·
1142 3774 1306 3888 boggo,
1341 3802 1487 3859 versus
1517 3802 1636 3859 mare
1658 3777 1799 3894 Q'Og·
1813 3772 1937 3860 dade·

412 3927 563 4041 boggo.
1923 3928 1928 3933 ’

356 4100 521 4188 tatutis.
542 4102 682 4213 Yrung
695 4151 710 4164 -
725 4100 849 4185 Eesse
876 4104 998 4210 (avus
1024 4097 1178 4208 albus).

355 4249 640 4336 Tschukschis
687 4249 938 4338 nomadibus
984 4253 1188 4364 Ne'ingim
1243 4250 1498 4337 sedentariis
1532 4253 1699 4337 Akriai.
1770 4249 1939 4337 Aleutis

415 4405 601 4489 Tanhak.

384 4615 593 4728 Frequens
619 4611 666 4697 in
694 4611 831 4727 glacie
858 4609 990 4697 totius
1017 4612 1181 4700 Oceani
1209 4612 1379 4718 arctici,
1426 4645 1553 4729 quern
1580 4639 1792 4726 nunquam
1820 4612 1936 4693 desc·

246 4763 325 4862 rit,
359 4790 438 4872 nec
464 4795 539 4880 per
566 4767 720 4850 fretum
748 4763 941 4877 Beringii
965 4767 1020 4850 ad
1049 4762 1392 4879 Camtschatcam
1419 4765 1639 4852 descendit
1666 4761 1754 4848 nisi
1782 4759 1936 4846 rarissi-
2098 4820 2102 4831 -

252 4942 337 5016 me,
367 4910 530 5002 victitat
556 4915 728 5022 Phocis,
758 4917 1035 5005 Balaenarum
1061 4916 1458 5035 Delphinorumque
1486 4915 1783 5026 cadaveribus,
1810 4912 1935 5030 pisci·
1985 4995 1992 5007 ,
