4410 5910
259 402 348 507 368
1024 415 1175 471 -··-'-'-'

422 621 652 738 Chartugb.
707 613 1073 737 Trmgusis·‘Xmin
1099 609 1959 727 et·r10ramalcty0n·1aeg(te.vema

334 804 340 815 ·
425 775 519 864 nius
560 773 821 889 Accipiter).
889 768 1079 854 Lamutis
1117 769 1280 854 Geelran
1319 765 1392 850 vel
1429 765 1689 861 laelrtsclran,
1759 765 1958 855 Coraecit

427 930 915 1042 lnytsclran·tylmytyl.
980 915 1318 1011 Camtschadalis
1352 919 1593 1028 Schyschyr
1631 915 1815 1005 Ultimis
1842 920 1957 1005 albu·

423 1085 567 1194 Gyllra
581 1129 596 1144 ·
612 1081 957 1189 scbongymlmn,
1007 1103 1135 1162 canus
1180 1070 1573 1158 Tschetschimd'sct.
1641 1069 1802 1160 cantis
1843 1071 1956 1159 albas

271 1282 279 1293 ·
425 1236 641 1345 Kykisups
666 1227 971 1343 Japonensibus
999 1229 1177 1343 Ftctagt.

399 1381 679 1470 Nobilissima
706 1379 752 1463 in
780 1378 863 1466 hoc
891 1406 1046 1494 genere
1074 1379 1182 1481 avis,
1224 1407 1302 1496 per
1340 1405 1510 1464 omnem
1553 1377 1748 1466 Rossiam
1775 1403 1824 1467 et
1851 1382 1956 1469 Sibi·

250 1536 369 1622 aiam
397 1538 591 1651 frequens
619 1554 704 1635 est,
735 1531 865 1616 etiam
892 1531 940 1617 in
968 1532 1155 1618 maxime
1183 1529 1446 1632 borealibus,
1473 1533 1587 1616 unde
1613 1553 1759 1617 tamen
1781 1557 1954 1649 urgente

262 1690 411 1774 bruma
438 1685 632 1783 decedit,
661 1706 809 1769 contra
834 1683 881 1771 in
909 1681 1278 1801 temperatioribus
1303 1703 1394 1770 tota
1421 1678 1578 1796 hyeme
1605 1713 1829 1797 praesens,
1866 1710 1955 1775 tum

264 1838 490 1924 venatione
517 1844 774 1922 Tetraonum
803 1833 976 1934 vivens,
1010 1857 1103 1922 tum
1145 1833 1259 1926 circa
1299 1864 1427 1950 pagos
1455 1837 1777 1951 praedabundus
1805 1862 1850 1925 et
1878 1840 1952 1929 Co

260 1987 418 2075 lumbis
446 1987 632 2075 maxime
660 1984 853 2073 infestus.
920 1992 992 2074 Ad
1020 1986 1311 2074 Falconariam
1347 1984 1617 2072 venationem
1645 2009 1690 2072 et
1716 1989 1903 2100 juniores
1926 2018 1950 2075 e

263 2143 375 2228 nidis
404 2144 665 2246 auferuntur,
707 2161 751 2224 et
797 2138 931 2224 adulti
967 2139 1189 2254 capiuntur
1225 2140 1411 2253 adligata
1438 2136 1560 2222 humi
1590 2139 1801 2227 Columba
1843 2141 1946 2245 viva,

262 2291 332 2381 cui
369 2294 415 2380 itt
449 2293 623 2379 furculis
662 2293 761 2377 laxe
802 2294 1150 2406 superobtensum
1190 2313 1302 2394 rete,
1343 2320 1428 2407 quo
1467 2289 1628 2375 inuans
1665 2292 1714 2375 in
1757 2296 1947 2409 praedam

263 2452 392 2529 Astur
419 2445 662 2560 implicatur
689 2467 734 2529 et
761 2441 921 2528 haeret.
979 2441 1369 2531 Aestumatissimus
1398 2466 1540 2528 autem
1561 2464 1626 2528 est
1644 2444 1843 2558 proxime
1863 2464 1947 2561 post

264 2597 488 2694 Falcones,
518 2598 571 2680 ad
598 2593 892 2694 venationem,
934 2616 1093 2681 ettam
1121 2596 1234 2683 inter
1267 2594 1432 2682 nobiles
1460 2600 1633 2698 Rossos,
1676 2624 1808 2710 quam
1834 2602 1946 2683 Tata-

262 2744 342 2844 ris,
370 2746 608 2832 Calmuccis
635 2769 681 2832 et
707 2744 950 2833 Baschltiris
976 2745 1023 2833 in
1051 2745 1214 2835 honore
1242 2772 1329 2854 est,
1374 2745 1560 2833 maximo
1587 2745 1635 2831 in
1661 2747 1844 2853 Tauria,
1882 2745 1947 2833 ubi

266 2897 470 2983 Falcones
498 2901 661 2984 desunt.
675 2940 734 2968 -s
762 2903 802 2984 V
799 2909 951 2987 aristas
979 2901 1094 3005 alba,
1137 2899 1506 3003 aestumatissima,
1548 2898 1681 2993 rarius
1710 2899 1828 2986 circa
1855 2906 1946 2986 Ura·

262 3049 401 3135 lentes
428 3074 613 3158 montes,
655 3051 916 3167 frequentius
954 3052 1002 3137 in
1040 3051 1240 3140 orientali
1278 3050 1444 3138 Sibiria-
1469 3072 1517 3136 et
1542 3051 1730 3168 vulgaris
1757 3051 1816 3163 iu,
1834 3053 1945 3140 Cam·

262 3199 472 3307 tschatca,
503 3234 601 3290 cum
625 3206 884 3320 Gyrfalcone
913 3206 1033 3310 albo,
1064 3208 1327 3305 observatum
1356 3201 1465 3290 baec
1490 3204 1629 3320 prima
1658 3227 1800 3292 aetate
1814 3172 1945 3293 albet·

261 3382 382 3459 cens,
411 3354 584 3456 naevia,
611 3374 752 3443 aetam
777 3380 869 3442 tuta
895 3356 1079 3442 candida
1104 3356 1251 3442 avadit
1275 3378 1322 3441 et
1349 3359 1403 3443 ad
1431 3354 1703 3443 venationem
1724 3357 1944 3481 fortissima

262 3503 457 3594 bubum.
521 3515 640 3594 Hanc
675 3509 846 3594 videtur
886 3508 1068 3594 voluisse
1108 3511 1199 3595 dub.
1227 3512 1320 3594 Bel
1328 3515 1359 3594 L
1400 3513 1598 3618 (itinerar.
1626 3513 1662 3593 l.
1705 3512 1810 3597 edit.
1847 3515 1941 3626 gull-

261 3689 302 3771 ρ.
333 3667 447 3771 394.)
475 3689 500 3744 e
527 3660 700 3773 regione
728 3665 865 3744 Amor
888 3663 932 3744 fl.
959 3660 1007 3745 in
1036 3661 1175 3746 aulam
1203 3658 1604 3777 Imperi'nansium
1630 3661 1787 3751 adferii
1808 3662 1941 3747 visam.

260 3808 393 3896 Ntuos
426 3809 473 3894 in
505 3809 723 3895 arboribus
761 3811 1008 3897 celsissimis
1050 3830 1184 3928 aeque
1223 3844 1274 3900 cc
1312 3812 1487 3930 rupibus
1527 3813 1758 3901 inaccessis
1795 3815 1940 3900 condit·

258 3960 443 4047 tusam
469 3961 645 4047 clamosi
673 3986 789 4067 sunt,
818 3987 867 4048 ut
894 3987 938 4049 et
962 3964 1168 4067 feminast
1210 3973 1404 4054 marcidis
1438 3965 1593 4057 adultis
1621 3988 1716 4055 vox·
1736 3998 1851 4066 rara,
1887 3961 1939 4048 hi·

239 4136 342 4228 ¹que
368 4112 556 4198 maxime
590 4114 786 4228 getroroei
823 4113 1054 4221 habentur,
1097 4138 1144 4204 ct
1182 4141 1231 4203 ut
1269 4116 1446 4207 Psittaci
1484 4118 1612 4211 facile
1650 4116 1936 4234 dignoscimur

258 4294 332 4370 eo,
359 4254 397 4351 si
424 4263 564 4380 digito
588 4288 667 4383 per
690 4268 863 4353 dorsum
891 4267 1125 4356 demulceri
1151 4290 1238 4356 uon
1263 4270 1462 4386 patiatur.

395 4418 568 4503 Descr.
632 4456 666 4503 1.
695 4421 843 4504 Adulti
868 4417 1070 4534 perfecti:
1114 4422 1365 4534 Magnitudo
1394 4388 1607 4535 gallinae;
1632 4422 1931 4536 ‚pondurmpt

258 4566 366 4656 culis
410 4568 573 4655 bilibri.
596 4572 725 4685 paulo
765 4576 920 4683 majus,
962 4571 1129 4657 feminis
1171 4571 1368 4658 maru'mis
1386 4658 1389 4663 ,
1407 4603 1532 4689 saepe
1563 4574 1659 4659 lere.
1689 4573 1929 4689 quadrilibre

162 4701 174 4719 ⁸
258 4722 365 4826 (lib.
397 4734 436 4804 3·
465 4750 561 4807 uno
592 4756 632 4828 9.
660 4717 833 4833 habui).
889 4726 995 4811 Cera
1023 4722 1259 4821 virescens,
1287 4726 1343 4809 ad
1370 4752 1489 4809 uates
1507 4747 1656 4810 ovatus
1676 4724 1826 4841 pilosa.
1868 4724 1928 4805 lr'v

257 4874 331 4967 des
356 4870 635 4960 citrcoflavae.
721 4880 884 4960 Vertex
911 4875 1050 4961 luscus
1077 4876 1241 4964 cinctus
1267 4904 1408 4963 versus
1435 4875 1609 4995 occiput
1632 4876 1796 4967 corolla
1819 4864 1925 4989 nigri
