4410 5910
262 429 352 494 212
1024 428 1173 483 a

256 656 426 748 magnas
467 630 662 745 ambages
701 627 750 717 in
789 627 996 717 circulum
1034 651 1192 715 euntes.
1262 630 1434 719 Fluvios
1474 638 1652 747 majores
1690 635 1941 755 plerumque

255 786 407 877 eodem
434 782 659 902 quotannis
693 783 792 870 loco
828 805 1016 889 tranant,
1058 781 1204 868 solitos
1231 783 1420 869 tramites
1447 787 1690 901 sequendo,
1730 787 1810 903 qui
1835 788 1951 877 ideo

256 938 389 1031 fossae
416 935 549 1023 instar
583 936 764 1054 pedibus
799 928 992 1021 excavati
1020 958 1258 1022 cernuntur.
1328 934 1398 1021 Sic
1430 939 1626 1053 Anadyr,
1668 938 1956 1053 lndigirkem,

255 1095 401 1191 Janam
410 1149 425 1190 ,
454 1095 713 1205 Kovymam,
743 1095 924 1188 Lanam,
950 1087 1137 1191 Olenelr,
1178 1087 1409 1191 Jeniseam,
1449 1091 1594 1179 Obum
1618 1086 1860 1204 trajiciunt,
1898 1114 1943 1179 es

256 1241 387 1345 ineo
410 1247 589 1355 trajectu
616 1241 794 1329 multia
830 1239 1098 1327 venatoribus
1138 1239 1295 1355 scapha
1334 1239 1489 1340 vectis,
1531 1241 1580 1331 in
1619 1240 1768 1331 medio
1807 1244 1956 1344 alveo,

252 1389 387 1481 hastis
432 1392 710 1481 conficiuntur
744 1393 833 1483 nisi
872 1397 1039 1481 fortuna
1080 1391 1268 1497 dederit,
1307 1417 1354 1479 ut
1394 1391 1532 1479 adhuc
1572 1392 1730 1508 glacies
1769 1415 1947 1511 pontem

254 1547 469 1661 praebeas
536 1544 723 1659 Migrant
751 1568 894 1632 autem
935 1574 1056 1644 vere,
1096 1543 1307 1631 distinctis
1336 1546 1593 1663 agminibus,
1631 1544 1775 1662 ptimo
1800 1546 1956 1645 foemi-

256 1725 336 1783 nae
363 1726 461 1802 cum
488 1693 697 1806 hinnulis,
726 1720 771 1783 et
797 1697 924 1814 paulo
952 1718 1049 1812 post
1077 1728 1212 1783 mares
1232 1698 1382 1785 adulti.
1438 1697 1672 1815 Capiunsur
1690 1696 1796 1785 alias
1816 1697 1948 1787 etism

253 1878 280 1939 a
304 1834 511 1963 Jucagiris
544 1850 708 1964 magnis
735 1851 895 1936 retibus
922 1845 1049 1933 loreis
1078 1848 1285 1947 dealbatis
1324 1850 1368 1935 in
1411 1851 1510 1936 nive
1539 1848 1726 1953 statutis,
1765 1847 1816 1936 in
1842 1879 1948 1966 quoa

253 1999 441 2105 clamore
482 2024 526 2088 et
566 2002 763 2101 canibus,
802 2030 906 2116 quos
944 2002 1175 2087 admodum
1209 2000 1384 2106 timent,
1414 2003 1747 2118 compelluntur,
1788 2001 1863 2087 vel
1890 2002 1948 2087 la-

255 2149 378 2269 queis
404 2150 518 2239 inter
545 2156 713 2241 arbores
742 2151 968 2269 suspensis,
999 2151 1210 2267 variisque
1240 2154 1349 2239 dolis
1378 2153 1484 2255 aliis.
1541 2152 1743 2251 Inimicus
1763 2182 1950 2273 praeser-

255 2302 336 2409 tim
362 2301 526 2391 habent
552 2312 681 2395 Ursos
710 2328 754 2390 et
782 2306 985 2408 Gulones,
1016 2305 1090 2420 qui
1117 2306 1171 2391 iis
1199 2308 1301 2393 dolo
1327 2304 1542 2408 insiliunt,
1570 2311 1710 2422 Lupos
1731 2327 1779 2391 et
1800 2326 1850 2391 ut
1869 2307 1951 2391 fers

251 2475 320 2542 tur
348 2454 479 2543 etiam
506 2459 773 2559 Ermineum,
803 2459 918 2574 quod
945 2457 991 2542 in
1020 2489 1163 2545 aurem
1190 2457 1347 2545 dicitur
1372 2457 1578 2574 irrepere,
1604 2480 1651 2543 ut
1677 2454 1877 2543 Alcibus.
1894 2502 1951 2529 ··

255 2612 322 2697 Da
350 2611 544 2696 Tarando
571 2610 817 2728 Lapponico
846 2632 1022 2724 egerunt
1065 2609 1210 2714 multi,
1254 2633 1350 2696 ante
1378 2639 1525 2696 omnes
1551 2607 1713 2697 eximie
1740 2612 1809 2697 tu
1837 2613 1948 2701 aaa

253 2792 436 2866 naeus,
462 2763 540 2848 sed
566 2792 693 2849 nemo
720 2762 851 2850 fusius
880 2785 977 2848 ante
1006 2792 1074 2847 me
1103 2768 1164 2874 (*)
1193 2765 1247 2849 de
1267 2761 1462 2848 Sibiricis
1481 2759 1725 2876 scripserat,
1753 2781 1802 2847 et
1822 2788 1949 2876 quan-

254 2913 487 3033 doquidem
510 2913 561 3002 hi
586 2914 878 3030 magnitudine
919 2916 1097 3003 multum
1140 2917 1349 3002 excedant
1387 2912 1655 3029 lapponicos,
1697 2934 1744 3009 et
1783 2909 1861 3007 hic
1900 2912 1944 3001 in

249 3093 351 3151 nera
378 3066 539 3187 speciei
567 3069 703 3185 patria
733 3067 931 3155 videntur
959 3097 1070 3169 esse,
1112 3097 1197 3153 non
1237 3065 1390 3165 inutile
1432 3067 1521 3153 fore
1562 3063 1730 3157 credidi
1757 3062 1949 3179 adjioer·

252 3216 434 3305 Obensis
462 3219 679 3309 varietatis
707 3226 824 3334 cujus
865 3228 1040 3309 leonem
1077 3224 1145 3308 Ill.
1173 3222 1203 3307 S
1210 3219 1454 3307 chrobero
1492 3212 1833 3323 communicavi,
1875 3215 1946 3303 de·

250 3366 531 3486 scriptionem
558 3395 603 3462 et
629 3402 855 3468 mensuras.

385 3524 565 3612 Descr.
621 3527 869 3639 Magnitudo
904 3524 1014 3615 infra
1048 3528 1259 3642 Elopbum
1292 3523 1522 3622 abinaam,
1563 3522 1756 3637 adeoque
1782 3515 1834 3611 in
1859 3516 1943 3611 bos

252 3700 406 3785 genere
434 3675 587 3763 tertiae
615 3675 936 3792 magnitudinis,
1010 3677 1174 3794 Capitis
1202 3680 1336 3765 forma
1363 3698 1408 3764 et
1433 3673 1543 3778 situ,
1585 3670 1796 3767 brevitate
1823 3670 1940 3777 colli,

251 3844 402 3912 trunco
430 3825 672 3943 strigosiore
714 3854 759 3916 et
786 3827 1008 3930 crassiore,
1048 3832 1230 3947 pedibus
1270 3827 1451 3917 robustis
1485 3825 1682 3917 cursoria
1721 3852 1941 3942 ptumum

250 3978 377 4085 Alci,
404 3977 493 4068 imo
522 3978 703 4069 similior
729 3980 888 4082 ritu10,
929 4014 1056 4098 quam
1084 3982 1236 4072 Cervo·
1305 3986 1442 4098 capua
1468 3977 1767 4094 majusculum,
1803 3979 1943 4069 frons·

249 4129 532 4247 planiuscnla,
567 4156 702 4225 rostro
729 4163 886 4240 crasso,
928 4139 1099 4226 obtusos
1139 4168 1264 4224 nasus
1291 4133 1495 4225 vitulinus
1522 4132 1653 4236 latus,
1691 4153 1809 4225 totus
1835 4132 1937 4249 pila

255 4310 344 4384 sus,
371 4286 538 4375 naribus
565 4284 820 4377 distantibus
846 4289 1029 4405 magnis,
1060 4288 1277 4416 oblongis,
1307 4310 1540 4379 antrorsum
1566 4284 1745 4401 patulis,
1791 4281 1936 4400 margi·

252 4462 307 4523 ne
334 4465 473 4528 crasso
499 4463 592 4529 toto
619 4442 781 4559 pilosis.
794 4495 853 4515 -
878 4445 1011 4529 Labra
1031 4441 1116 4531 oris
1136 4472 1294 4549 crassa,
1322 4442 1440 4546 laxa,
1469 4437 1660 4553 margine
1679 4442 1798 4532 nudo
1823 4440 1935 4525 fusco

250 4589 527 4705 grandinoso,
569 4623 712 4683 sersus
744 4599 899 4685 buccas
924 4594 1097 4714 papillis
1125 4590 1291 4683 conicis
1315 4593 1443 4687 hirta·
1511 4596 1666 4685 Dentes
1691 4591 1744 4687 in
1768 4624 1847 4687 auo
1869 4616 1931 4707 μ·

305 4900 361 4995 (·)
386 4901 649 4981 sonandam
673 4903 853 5007 Magaris,
895 4932 947 4985 rr.
971 4906 1075 4985 Tan
1091 4932 1128 5009 p.
1162 4909 1249 5007 39⁰·
1277 4934 1353 5008 req.
