4410 5910
882 323 1028 372 a
1691 295 1782 411 467

101 516 421 631 praecedentes,
466 547 571 632 quae
600 518 860 605 Alaudarum
884 518 1017 605 instar
1043 520 1228 604 multum·
1250 541 1467 605 versantur
1492 514 1614 604 humi
1643 540 1687 603 et
1712 548 1785 603 un·

102 695 202 780 gues
230 669 412 781 posticos
441 678 616 783 majores
643 668 804 755 habent
831 703 956 786 quam
985 669 1066 754 hae
1094 669 1273 754 Alaudis
1301 671 1513 784 quondam
1542 672 1784 756 adnumera·

100 844 182 904 tae.
239 829 297 902 Et
324 819 435 905 hanc
463 820 726 936 {divisionem
768 845 938 906 naturae
980 844 1307 908 consentaneam
1348 847 1457 921 esse,
1500 821 1619 933 gnari
1660 822 1785 909 facile

97 972 325 1073 videbunt,
360 944 472 1087 ‘quos
512 972 695 1085 partium
731 975 896 1057 nullum
924 974 1108 1058 studium
1136 993 1268 1057 tenet.
1337 971 1584 1055 Motacillae
1626 1002 1782 1079 omnes,

99 1147 147 1209 ut
174 1145 218 1207 et
246 1122 532 1239 Muscicapae,
573 1124 851 1209 insectivorae
889 1147 1007 1224 sunt,
1051 1127 1239 1236 adeoque
1282 1120 1566 1232 migratoriae,
1609 1145 1653 1207 et
1680 1120 1784 1238 hye-

98 1304 233 1378 mem,
263 1274 393 1359 etiam
420 1276 466 1358 in
493 1274 764 1389 temperatis,
805 1273 990 1389 fugiunt,
1033 1304 1057 1357 e
1096 1272 1248 1357 nostris
1287 1273 1408 1354 terris
1447 1271 1494 1356 in
1535 1273 1784 1361 calidiorem

96 1427 337 1528 Natoliam,
367 1426 570 1528 Persiam,
612 1425 845 1529 Tatariam,
891 1423 1075 1511 Chinam
1104 1427 1316 1508 abeuntes.
1385 1426 1582 1507 Redeunt
1600 1528 1607 1542 ,.
1620 1427 1674 1508 ad
1701 1425 1787 1540 pri·

101 1609 193 1662 mos
224 1586 373 1661 vernos
398 1578 509 1660 soles
537 1600 581 1661 et
607 1599 703 1693 post
729 1580 884 1661 solutas
923 1574 1061 1673 nives,
1101 1604 1224 1690 saepe
1264 1596 1365 1659 tunc
1406 1576 1458 1657 ad
1500 1576 1784 1688 vegetabilem

101 1728 282 1828 victum,
315 1760 338 1810 a
366 1759 448 1841 quo
478 1757 563 1812 non
590 1729 715 1842 plane
744 1727 991 1826 abhorrent,
1019 1731 1226 1813 redactae.
1294 1725 1476 1842 Aliquae
1504 1749 1669 1831 tamen,
1701 1759 1784 1812 ma·

99 1880 216 1967 xime
244 1879 356 1962 inter
383 1877 659 1981 Philomelae,
706 1901 906 1963 autumno
943 1880 1180 1964 tardissime
1210 1883 1376 1965 abeunt.
1446 1884 1584 1992 Quare
1614 1880 1783 1997 Species

96 2030 237 2116 variae
274 2028 453 2113 Sibiriae
494 2051 589 2112 sunt
630 2028 849 2145 propriae,
891 2052 934 2112 et
976 2029 1092 2113 idem
1133 2037 1375 2144 Europaeae
1415 2032 1554 2145 plures
1596 2031 1640 2113 in
1680 2030 1783 2115 Asia

96 2180 294 2269 orientali
322 2183 496 2264 desunta
536 2194 621 2264 non
661 2181 707 2265 in
737 2179 853 2264 victu
892 2182 1128 2295 quaerenda
1173 2181 1339 2266 videtur
1380 2182 1499 2267 ratio.
1569 2183 1783 2271 Deficiunt

93 2356 236 2418 autem
265 2331 531 2446 praesertim:
571 2335 778 2434 Rubetra,
816 2310 1056 2426 Erithacus,
1085 2331 1299 2435 Luscinia,
1330 2335 1568 2430 Rubecula,
1610 2335 1782 2447 Troglo-

96 2486 241 2597 dytes;
282 2481 476 2596 propriae
506 2515 605 2568 vero
634 2481 831 2567 orientali
867 2481 1067 2578 Sibiriae:
1109 2484 1278 2594 Cyane,
1321 2483 1535 2602 Calliope,
1575 2485 1782 2596 Cyanura,

95 2632 373 2733 montanella,
416 2635 627 2726 melodice
668 2656 711 2717 et
750 2634 856 2715 forte
884 2636 1092 2733 Aurorea;
1135 2640 1195 2718 M.
1226 2635 1481 2748 ferruginosa
1510 2656 1553 2720 et
1579 2635 1784 2754 pileolata

93 2783 341 2902 praesertim
383 2786 613 2868 Insulamm
654 2813 795 2866 versus
837 2782 1079 2868 Americam
1120 2805 1217 2866 sunt
1263 2784 1457 2889 incolae3
1511 2795 1570 2873 Μ.
1612 2789 1783 2875 cervina

95 2930 435 3024 Camtschatcam
464 2936 569 3020 colit
597 2955 641 3017 et
668 2931 864 3016 ultimum
893 2933 1023 3018 Asiae
1053 2935 1264 3047 angulum.

650 3188 682 3267 1.
747 3187 1221 3273 OENANTHAE.

382 3420 506 3502 107.
594 3393 1168 3491 MOTACILLA
1235 3400 1497 3495 Rubetra,

204 3542 266 3625 M.
298 3571 419 3659 supra
447 3569 595 3654 gryseo
623 3537 826 3654 nigroque
856 3537 988 3644 varia,
1017 3544 1160 3627 subtus
1180 3543 1408 3645 lutescens,
1437 3542 1601 3662 macula
1622 3542 1779 3631 alarum

97 3690 419 3807 superciliisque
447 3689 567 3774 albis.

311 3841 596 3927 Montanellus
624 3837 975 3938 Bononiensium,
1003 3840 1174 3926 Aldrov.
1204 3872 1290 3926 orn.
1317 3844 1373 3927 ll.
1410 3874 1451 3957 p.
1480 3836 1577 3952 735.
1658 3868 1663 3876 ·

300 3988 539 4080 'oenanthe
569 3993 769 4090 secunda,
804 3991 1024 4104 Wutugtb.
1052 3997 1200 4077 omith.
1228 4026 1271 4108 p.
1305 4006 1394 4081 166.
1420 3986 1515 4109 Ruj.
1545 4027 1611 4082 aa.
1627 3996 1679 4114 p.
1709 4010 1793 4110 760·

366 4142 487 4226 Zool.
517 4141 662 4225 britan.
692 4175 734 4255 p.
768 4156 856 4228 103.
886 4143 972 4227 tab.
999 4143 1083 4226 Sa.
1109 4147 1197 4259 βε.
1226 4160 1265 4232 8.
1286 4163 1336 4250 ’4.

311 4289 498 4380 Curruca
526 4297 658 4401 major
686 4292 836 4393 altera,
866 4293 1018 4377 Frisch.
1045 4324 1112 4377 av.
1140 4297 1225 4382 tab.
1255 4329 1321 4381 aa.
1344 4301 1431 4411 βε.
1462 4308 1555 4384 a.·''
1686 4270 1695 4295 ⁸

315 4445 502 4528 Rubetra
530 4449 663 4555 major
689 4473 722 4526 s.
751 4441 981 4545 Rubicola,
1008 4446 1190 4532 Brittan.
1218 4477 1306 4535 orn.
1332 4453 1409 4535 ΠΙ.
1439 4481 1481 4565 p.
1503 4464 1598 4556 432.
1625 4478 1688 4563 sp.
1712 4462 1778 4534 26.

361 4594 455 4678 aab.
485 4611 550 4696 24.
570 4596 655 4706 βε.
691 4631 725 4678 ι.
758 4596 926 4705 (bona).

316 4742 537 4830 Motacilla
565 4744 774 4850 Rubetra,
807 4748 900 4831 Lin.
927 4767 1033 4859 syat.
1059 4748 1158 4841 XII.
1183 4751 1219 4833 1.
1247 4759 1412 4865 pstea.
1441 4774 1504 4868 ap·-
1539 4764 1600 4837 ιδ.

1328 4914 1349 4954 0
