4410 5910
1031 418 1188 478 ¹¹¹..¹¹..¹.'¹..“‘

419 628 543 742 pitis,
580 619 782 715 Esthonis
810 628 1176 726 Sittenaroehstos,
1215 625 1266 712 it.
1294 614 1542 712 Puelladhlt.
1596 613 1765 715 Tataris
1792 625 1947 711 Oedoe·

418 782 535 876 hoet3
562 778 735 864 tauricis
763 780 1003 898 Oepoepoe;
1032 779 1205 865 Beltiris
1239 781 1469 866 Tsehoolter
1495 777 1547 887 (i.
1573 810 1614 865 e.
1641 779 1818 887 varius).
1857 777 1948 863 Cal·

419 930 579 1016 muccis
615 932 810 1019 Schontol
848 953 892 1017 et
936 935 1194 1028 Tsclu'tlseder
1234 930 1460 1045 Mongolis
1477 930 1739 1019 Olboldshin.
1799 928 1952 1018 Coiba·

420 1082 473 1167 lis
504 1087 766 1174 Utudoldsen.
823 1084 1027 1200 Tangutis
1055 1086 1259 1199 Rutubag
1295 1083 1438 1193 (vocis
1466 1083 1694 1196 imitatio).
1752 1079 1953 1169 Armenis

352 1220 354 1225 ¹
423 1232 580 1354 Popdp.

399 1394 448 1472 In
478 1389 780 1506 campestribus
824 1389 1001 1476 desertis
1030 1386 1206 1476 Rossiae
1236 1383 1427 1473 australis
1456 1405 1501 1472 et
1529 1372 1711 1473 Sibiriae
1740 1388 1953 1475 citerioris

254 1538 611 1653 frequentissima3
639 1542 686 1626 in
714 1544 867 1659 apricis
896 1546 948 1628 ad
976 1541 1187 1627 Jeniseam
1215 1562 1259 1625 et
1287 1540 1471 1625 Dauriaa
1495 1539 1697 1646 rariores,
1731 1541 1779 1627 in
1810 1544 1956 1626 admo·

252 1689 357 1772 dum
385 1694 622 1778 borealibus
650 1719 693 1779 et
720 1695 994 1779 orientalibus
1023 1697 1186 1779 desunt.
1244 1691 1411 1805 Frigida
1437 1690 1552 1776 enim
1574 1714 1617 1776 et
1641 1690 1848 1809 palustria
1870 1722 1952 1776 non

255 1864 410 1927 amant.
481 1852 515 1927 E
545 1847 695 1931 calidis
724 1846 965 1961 regionibus
996 1847 1225 1930 adventant
1252 1843 1425 1928 ineunte
1460 1842 1625 1958 Aprili,
1664 1843 1843 1929 tumidis
1872 1851 1955 1957 jam

252 2013 343 2076 tum
373 1995 630 2110 genitalibus
659 1997 839 2114 organis.
896 2003 976 2080 Per
995 1995 1114 2112 paria
1137 1995 1302 2098 vivunt,
1335 1997 1480 2080 volant
1503 2018 1547 2079 et
1571 1996 1813 2097 ambulant,
1839 2024 1953 2111 prae·

252 2142 402 2230 sertim
430 2178 553 2232 mane
582 2151 635 2234 ad
665 2180 850 2235 versuras
881 2178 1074 2262 agrorum
1101 2170 1145 2231 et
1172 2146 1218 2232 in
1255 2145 1416 2263 campis
1457 2147 1710 2234 vermiculos
1753 2148 1954 2233 Carabos·

253 2324 339 2408 que
370 2297 573 2412 legentes.
633 2303 792 2387 Volant
820 2300 940 2417 quasi
967 2330 1141 2385 enerves
1170 2321 1214 2384 et
1243 2300 1327 2383 alas
1364 2299 1585 2386 subsultim
1612 2323 1856 2402 moventes,
1886 2328 1954 2383 ne·

253 2475 337 2564 que
379 2451 463 2534 alte
506 2482 585 2537 nec
627 2453 720 2558 diu,
765 2455 839 2539 sed
882 2455 1029 2555 crebro
1071 2449 1306 2536 consident.
1377 2455 1654 2563 Stertorosum
1691 2482 1866 2549 sonum,
1892 2447 1953 2533 uti

256 2590 431 2710 cuculi,
459 2601 572 2687 inter
602 2605 828 2690 volandum
857 2608 1003 2690 edunt.
1061 2601 1290 2686 Hominem
1319 2603 1365 2686 in
1395 2601 1532 2686 minus
1561 2586 1857 2720 frequentibus
1884 2632 1951 2686 no

255 2747 352 2835 stris
380 2752 622 2866 regionibus
649 2787 735 2842 non
764 2760 992 2844 admodum
1019 2753 1197 2854 timent,
1234 2755 1322 2839 imo
1352 2757 1404 2838 ad
1432 2734 1629 2841 suburbia
1656 2777 1700 2840 et
1729 2784 1864 2873 pagos
1893 2784 1953 2839 ac·

253 2904 426 2990 cedunt.
485 2905 681 3022 Zarizyni
708 2908 755 2993 in
785 2912 913 2994 domo
943 2931 1062 2991 extra
1088 2907 1237 2990 urbem
1271 2907 1372 3006 sita,
1417 2907 1492 2991 diu
1520 2937 1606 2992 non
1631 2902 1854 3013 habitata,
1896 2907 1952 2991 in·

252 3046 321 3136 tra
347 3051 458 3171 ipsas
487 3058 659 3144 latrin‘as
687 3062 825 3177 pullos
852 3064 1104 3145 educaverat
1143 3065 1318 3175 Upupa,
1358 3081 1402 3143 et
1442 3057 1548 3143 licet
1588 3082 1691 3143 tunc
1731 3056 1953 3144 hominum

253 3207 491 3323 frequentia
518 3216 705 3315 turbata,
750 3236 922 3328 postero
963 3240 1073 3295 anno
1112 3232 1254 3294 tamen
1296 3213 1351 3295 ad
1391 3213 1574 3295 eundem
1616 3211 1768 3295 nidum
1812 3212 1951 3298 rediit.

253 3364 305 3442 In
333 3390 487 3474 genere
515 3363 675 3448 foetida
702 3365 797 3450 loca
826 3385 959 3466 amat,
999 3360 1074 3446 ubi
1103 3369 1268 3447 Insecta
1297 3362 1434 3447 solent
1461 3364 1687 3447 abturdare.
1750 3368 1825 3450 Ad
1853 3363 1952 3449 Irtin

252 3507 302 3595 in
330 3511 438 3597 fossa
466 3513 634 3628 disjecti
661 3514 835 3618 tumuli,
873 3513 943 3600 cui
970 3513 1182 3628 ingestum
1225 3536 1268 3597 et
1309 3514 1521 3629 lapidibus
1561 3513 1716 3598 leviter
1757 3519 1953 3602 obrutum

253 3685 346 3746 erat
372 3669 570 3771 cadaver,
599 3667 710 3752 intra
740 3689 873 3752 crates
900 3664 1088 3750 thoracis
1117 3665 1266 3750 sceleti
1293 3663 1475 3781 putridis
1504 3665 1697 3749 carnibus
1728 3666 1871 3754 adhuc
1898 3692 1950 3752 te·

252 3813 331 3918 tri,
361 3815 511 3900 nidum
538 3820 715 3933 Upupae
744 3817 912 3922 inveni,
951 3821 1048 3904 c'um
1087 3838 1249 3931 septem
1289 3813 1418 3933 pullis
1460 3823 1544 3927 jam
1584 3817 1946 3921 volaturientibus,

253 3964 330 4080 qui
359 3965 639 4055 foetidissimo
672 3968 820 4055 ichore
863 4000 918 4054 ex
960 3998 1041 4054 ano
1090 3969 1297 4081 ejaculato
1337 3997 1382 4052 se
1422 3968 1721 4056 defendebant.
1794 3968 1955 4057 Inventi

253 4119 386 4205 etiam
414 4144 510 4207 sunt
536 4122 583 4207 in
615 4123 807 4210 cavernis
835 4120 1020 4236 riparum
1050 4142 1094 4205 et
1119 4120 1281 4204 truncis
1309 4124 1503 4206 arbomm
1547 4100 1815 4234 patriciarum
1856 4124 1953 4212 nidi.

251 4269 348 4355 Ova
376 4278 553 4388 Upupae
583 4275 742 4378 ovalia,
773 4271 1039 4358 virescentis.
1098 4275 1279 4376 Sedens,
1309 4270 1556 4386 praesertim
1583 4271 1760 4378 timens,
1806 4282 1949 4364 crebro

252 4422 382 4537 erigit
408 4423 591 4510 cristam.
651 4430 692 4511 V
689 4458 745 4512 ox
772 4424 931 4511 trisona
953 4448 1004 4509 et
1032 4410 1221 4510 debilior
1241 4422 1395 4511 Cuculi
1435 4425 1618 4528 aemula,
1662 4429 1785 4540 quasi
1816 4432 1948 4514 Habe

253 4578 328 4678 hu,
358 4604 435 4691 per
461 4576 687 4663 intervalla
715 4579 854 4676 edita,
882 4606 1009 4715 quam
1037 4594 1154 4662 motu
1181 4574 1332 4692 capitis
1361 4554 1587 4717 singulari,
1623 4600 1851 4697 rostroque
1874 4605 1945 4664 ter·

250 4755 341 4811 ram
371 4728 440 4812 vel
468 4760 631 4818 ramum
668 4731 841 4818 feriens
865 4730 1047 4836 emittit;
1090 4730 1305 4887 interdum
1348 4738 1501 4860 vocem
1536 4714 1789 4819 bisonem
1775 4757 1945 4819 mterct·

250 4875 388 4988 lant(
370 4878 548 4996 Op(op).
