4410 5910
260 456 327 536 42
1039 454 1193 509 Ε

302 666 307 675 ’
403 656 580 745 Animal
605 656 652 742 in
679 674 755 743 auo
775 682 932 773 ,genere
954 655 1046 742 fere
1072 652 1309 760 minimum,
1334 683 1424 742 non
1451 654 1579 743 facila
1595 656 1965 751 tamen'cicnrans

275 810 388 910 dum,
414 808 789 907 mordacissimum,
830 808 1113 925 noctivagum,
1156 806 1345 895 interdiu
1365 805 1579 895 canona
1603 806 1722 897 hand
1744 812 1962 928 profunde

273 992 369 1049 nae
389 959 557 1048 effossis
582 959 630 1047 bi
652 963 726 1047 nel
748 958 910 1046 trifonia
930 960 1084 1063 latens,
1112 990 1216 1075 quos
1240 960 1383 1075 plures
1402 958 1535 1049 -slmul
1557 955 1817 1049 inhabitant.
1869 964 1963 1053 Oo-

263 1114 403 1201 ·cnrrit
439 1113 488 1200 in
525 1110 643 1201 omni
669 1116 835 1199 deserto
861 1113 1072 1211 Tatarico,
1097 1112 1202 1199 inde
1228 1144 1254 1197 a
1280 1113 1418 1227 Volgo
1444 1112 1608 1201 etant
1627 1114 1783 1230 Caspio
1803 1139 1856 1203 et
1872 1146 1963 1232 per

263 1265 454 1353 mediam
490 1265 640 1352 Asiam
676 1270 732 1352 ad
771 1264 989 1351 Baicalern
1026 1229 1167 1351 lacum
1197 1296 1350 1380 usque,
1385 1265 1500 1351 locis
1524 1266 1711 1353 maxime
1731 1265 1961 1373 solitariis,

265 1417 413 1520 siccis,
456 1418 681 1505 fluviorum
704 1418 874 1520 ricinis,
916 1420 1043 1502 etad
1070 1440 1253 1503 ananim
1277 1422 1387 1504 forte
1413 1419 1540 1533 longe
1563 1440 1780 1531 evagatur,
1805 1417 1854 1504 in
1880 1422 1961 1507 bo·

265 1568 397 1655 realia
422 1601 523 1658 vero
549 1570 707 1687 frigida
732 1602 819 1657 non
844 1571 978 1675 venit,
1005 1573 1080 1655 sed
1106 1570 1350 1686 temperatis
1377 1573 1545 1684 gaudet.
1612 1576 1803 1657 Venanrr
1830 1568 1961 1657 citil-

265 1721 344 1825 los,
372 1754 523 1829 mures,
560 1754 658 1810 aves
683 1722 807 1810 humi
834 1745 1140 1839 pernoctantes,
1167 1722 1415 1838 praesertim
1436 1720 1628 1826 Otidusn,
1653 1727 1830 1827 'canum
1858 1728 1961 1815 Per·

263 1872 408 1961 dicnm
445 1878 602 1993 pullos.
665 1877 828 1992 'Captus
855 1905 999 1960 carnes
1025 1874 1179 1961 ovillas
1203 1897 1251 1960 et
1288 1877 1464 1961 bubulas
1487 1905 1576 1961 non
1599 1872 1687 1961 nisi
1713 1896 1854 1961 coctas
1884 1876 1960 1959 ad·

259 2023 407 2139 tingit,
446 2031 522 2115 oed
549 2028 666 2113 rivas
692 2030 762 2114 vel
788 2031 917 2114 modo
944 2027 1104 2113 occisas
1138 2057 1254 2132 aves,
1293 2027 1483 2142 itemque
1509 2027 1660 2143 pisces,
1699 2023 1957 2142 praesertim

267 2177 616 2292 accipenserinoa,
645 2183 1023 2296 valde-expetebat.
1076 2182 1248 2294 Aquam
1256 2179 1447 2293 adtingit
1457 2209 1703 2293 nimquam,
1725 2176 1850 2263 omni
1879 2175 1961 2263 siti

266 2356 424 2434 carens,
452 2337 552 2417 vera
580 2364 658 2449 pro
679 2333 860 2418 desertis
887 2332 1017 2416 aridis
1044 2355 1229 2418 creatum
1263 2330 1437 2417 animal.
1499 2332 1624 2418 Odor
1650 2328 1836 2416 foetidus
1862 2330 1959 2415 fere

263 2481 433 2596 Vulpis.
489 2485 673 2589 Pertica,
709 2485 836 2600 ¹apice
864 2483 1125 2599 qnadrifissa,
1166 2482 1213 2568 in
1240 2485 1459 2570 cuniculos
1490 2512 1641 2569 comm
1676 2479 1868 2566 immissa
1908 2502 1961 2567 et

266 2634 418 2719 velleri
444 2634 615 2739 intorta,
645 2635 895 2721 e-crmicnlo
915 2666 947 2719 a
973 2635 1168 2749 Kirgisiis
1192 2635 1242 2721 vi
1266 2633 1580 2752 protrahtmtur.
1616 2633 1859 2719 ,cantatur
1875 2630 1959 2721 vix

262 2811 461 2898 unquam,
495 2787 921 2892 mordacissimam
935 2785 1234 2903 riprelrensus,
1256 2787 1551 2875 contremiscit
1568 2809 1687 2872 totns
1713 2806 1760 2869 et
1783 2783 1958 2871 urinam

264 2961 361 3019 cum
389 2940 669 3026 excrementis
704 2939 878 3029 emittit.
947 2939 1135 3023 Interdiu
1163 2939 1356 3054 quiescit.
1425 2947 1569 3025 Noctu
1595 2968 1744 3023 vocem
1771 2935 1957 3025 subinde

265 3088 473 3177 aemulam
500 3092 698 3209 vulpinae
719 3093 831 3178 edit.
875 3090 1019 3178 Currit
1045 3091 1278 3178 celerrime.
1335 3093 1472 3175 Pelles
1488 3094 1726 3176 renduntur
1738 3087 1821 3173 vili
1832 3116 1957 3201 prae·

261 3235 349 3342 tio,
391 3264 576 3329 attamen
602 3242 703 3330 satis
731 3245 957 3358 elegantes.
1021 3250 1186 3358 Hyante
1225 3243 1359 3359 magis
1387 3244 1586 3350 canescit,
1623 3240 1878 3357 praesertim
1904 3239 1953 3325 in

255 3408 421 3481 ¹trunco·

370 3696 544 3784 Descr.
601 3701 849 3813 Magnitudo
876 3698 987 3785 inter
1016 3700 1202 3815 Vulpem
1229 3724 1272 3785 et
1300 3700 1429 3785 lelem
1451 3696 1728 3784 domesticam
1750 3696 1953 3782 interme·

261 3842 347 3928 dia.
403 3850 598 3936 Rostrum
625 3851 954 3966 argutissimum,
994 3885 1094 3939 naso
1120 3856 1248 3955 nudo,
1278 3852 1425 3966 nigro.
1483 3854 1636 3937 Dentes
1661 3859 1860 3964 primores
1887 3876 1952 3931 au-

255 4024 334 4111 pra
360 4016 403 4103 4.
431 4001 565 4087 medii
586 4002 745 4105 oanni,
769 4003 980 4108 conferti,
1015 4005 1199 4089 emimus
1225 4004 1424 4119 utrinque
1445 4000 1790 4102 remotiasctrlus,
1828 3997 1951 4085 ooni-

257 4175 352 4250 θῦε,
391 4154 522 4266 paulo
547 4162 700 4267 naaion
740 4155 850 4241 infra
877 4174 904 4260 4
929 4158 1065 4242 medii
1091 4156 1295 4259 truncati,
1337 4156 1491 4243 extimi
1515 4162 1714 4267 majores,
1757 4150 1949 4237 obsolete

254 4296 416 4401 bilobi3
457 4315 592 4388 canini
619 4306 901 4406 teretiusculi;
944 4316 1117 4394 molares
1143 4310 1300 4423 ubique
1328 4306 1457 4425 primi
1477 4306 1625 4424 parri,
1661 4302 1822 4404 conici,
1851 4300 1947 4387 reli·

252 4448 333 4565 qui
347 4450 635 4569 triangulares.
689 4458 1324 4576 Irideseluteo-sulrargenteaer
1353 4465 1736 4575 parapotamia»
1762 4452 1943 4569 insigne.

255 4603 471 4715 Mystaces
497 4608 633 4722 nigri,
662 4608 819 4723 rigidi,
861 4613 949 4696 lere
978 4614 1031 4695 ad
1059 4643 1176 4696 aures
1202 4611 1513 4727 pertingentem
1553 4640 1744 4696 verrucae
1769 4614 1944 4723 superci·

251 4756 377 4841 liores
403 4759 505 4843 setis
533 4796 556 4844 a
585 4761 832 4871 majoribus,
862 4782 889 4868 4
917 4763 1164 4862 minoribus,
1190 4772 1398 4881 paroticae
1424 4763 1634 4880 unisetae,
1670 4758 1773 4846 dein
1798 4758 1942 4845 trisett

250 4904 453 5025 utrinque
491 4912 801 5001 mbmcxillnris
837 4945 950 5031 pone
990 4914 1144 5001 rictum
1151 4976 1166 5017 ,
1205 4918 1365 5003 duabus
1391 4914 1676 5029 longioribus.
1709 4934 1763 4999 ⁶1
1780 4918 1943 5027 W
