4410 5910
260 448 350 550 53⁶
1033 469 1186 521 -····-·

480 666 730 754 Hirondelle
760 666 814 752 de
855 663 996 780 rivage
1024 663 1254 751 D‘Aubenr.
1283 672 1383 777 pict.
1410 662 1497 749 tab.
1527 674 1622 766 543.
1641 664 1728 778 fig.
1759 699 1796 749 a.

481 816 821 912 saud-Martio,
849 821 1040 902 Lashom.
1068 848 1163 929 syn.
1191 818 1265 902 IV.
1294 850 1333 931 p.
1364 828 1459 902 566.
1488 847 1527 901 n.
1563 849 1626 899 ro.

249 971 284 1044 .'
372 970 547 1058 Rossice
575 972 707 1055 Strish
734 974 779 1078 (a
806 968 984 1054 stridula
1012 976 1161 1079 voce),·
1189 967 1235 1052 in
1263 960 1419 1052 Sibiria
1447 967 1652 1053 Scndcnoi
1684 970 1818 1055 Strislt
1846 975 1957 1082 (sub-

424 1148 618 1207 terranea
660 1119 856 1231 stridula)
899 1122 969 1204 vel
1011 1118 1263 1234 simpliciter
1301 1120 1530 1204 Semlacnilr
1571 1124 1800 1230 (terrena),
1852 1121 1956 1209 item

423 1276 540 1367 Stm3
571 1271 819 1385 praesertim
846 1275 899 1354 ad
926 1270 1164 1372 Jeniseam,
1208 1269 1283 1355 ubi
1311 1291 1356 1355 et
1383 1302 1406 1353 a
1435 1300 1541 1355 voce
1568 1272 1809 1356 Dsbt'rlsaan
1836 1305 1954 1359 voca·

420 1447 504 1509 tur.
562 1421 803 1507 Malorossis
839 1425 1060 1507 Stsclrurils.
1130 1421 1294 1506 Tataris
1320 1424 1708 1533 lar-Karlegatsch
1748 1422 1956 1538 (riparum

423 1574 645 1685 hirundo).
702 1574 947 1657 Morduanis
978 1577 1173 1687 Pisgata;
1204 1571 1402 1685 Sirjaenis
1433 1574 1674 1656 Tsclrutsclu'
1686 1609 1701 1670 ,·
1740 1571 1956 1660 Tschuva·

253 1759 265 1780 ⁴
425 1723 538 1811 echis
566 1728 765 1834 Schorgol
833 1724 1070 1809 Calmuccis
1099 1725 1318 1809 Charodei.
1373 1720 1571 1807 Armenia
1606 1724 1956 1814 'racheli-Zemr-

423 1880 506 1960 nilr.
563 1875 901 1961 Camtschadalis
928 1880 1319 1986 Kceingtschutsch3
1349 1872 1525 1960 Ukinzis
1550 1876 1726 1959 Lolsldd.

395 2030 584 2111 Habetur
611 2056 687 2140 per
714 2059 883 2111 omnem
912 2026 1105 2110 Rossiam
1138 2048 1182 2108 et
1210 2025 1434 2127 Sibiriam,
1465 2025 1665 2137 usquein
1688 2026 1951 2115 Cemtschat·

257 2208 379 2281 eam,
416 2180 582 2262 abunde
610 2175 851 2290 ubicunque
880 2180 992 2293 ripas
1020 2178 1172 2261 limoso
1190 2208 1436 2274 -arenosas,
1477 2199 1721 2291 praeruptas
1749 2210 1828 2293 pro
1856 2211 1951 2265 con·

259 2328 411 2416 dendis
440 2327 649 2413 cuniculis
679 2351 795 2444 aptas
823 2327 1004 2412 invenit.
1061 2329 1223 2414 Ultima
1247 2326 1582 2440 migratoriarum
1598 2331 1828 2430 adventat,
1856 2361 1951 2416 cum

256 2487 454 2595 Merope.
509 2482 581 2563 Ad
595 2478 702 2564 Irtin
723 2478 897 2563 fluvium
927 2479 1158 2576 Culicibus,
1188 2477 1385 2578 Tabanis,
1416 2477 1594 2590 aliisque
1622 2480 1801 2566 Insectis
1830 2511 1952 2596 aqua·

184 2747 186 2751 Ι
257 2630 407 2715 tilibus
447 2651 706 2731 scatentem,
745 2652 864 2713 tanta
905 2633 1026 2714 datur
1061 2630 1209 2744 copia,
1250 2650 1297 2712 ut
1325 2628 1361 2712 si
1388 2627 1480 2741 ripa
1508 2628 1650 2742 aliqua
1677 2653 1951 2745 praemptat

258 2784 441 2895 desuper
468 2803 604 2866 stante
640 2783 750 2894 pede
791 2779 938 2865 fortius
980 2780 1261 2895 percutiatur,
1305 2778 1544 2864 centenaria
1585 2810 1711 2894 saepe
1755 2781 1949 2866 examina

256 2934 442 3017 evolent.
502 2938 551 3016 ln
579 2930 767 3016 Dauuria
796 2933 851 3015 ob
880 2953 1068 3046 rupestre
1090 2933 1222 3015 solum
1250 2933 1412 3015 desunt.
1469 2928 1700 3015 Cuniculos
1718 2961 1815 3016 suos
1838 2954 1949 3017 recta

258 3083 328 3167 vel
355 3084 530 3199 oblique
558 3084 604 3168 in
632 3082 767 3196 ripam
795 3103 1062 3197 penetrantes
1098 3103 1270 3182 eruunt,
1320 3083 1371 3163 ad
1401 3078 1587 3193 plurium
1628 3109 1754 3195 saepe
1795 3085 1950 3196 pedum

255 3235 586 3346 profunditatem
599 3294 613 3332 ,
653 3254 701 3316 ut
727 3234 916 3317 laborem
945 3231 1134 3316 imbellis
1163 3256 1207 3315 et
1234 3232 1425 3315 tantillae
1455 3228 1545 3313 avis
1587 3252 1630 3315 et
1669 3231 1850 3315 minutis
1887 3229 1947 3316 in·

256 3405 438 3468 stmctae
467 3384 645 3498 pedibus
673 3382 818 3466 mirari
845 3385 1012 3466 debeas.
1084 3390 1133 3465 In
1173 3380 1419 3465 australibus
1462 3378 1635 3465 Rossiae
1675 3410 1823 3466 comes
1862 3383 1945 3498 ple·

254 3562 430 3646 rumque
460 3533 647 3647 Meropis
675 3530 855 3618 habitat.
912 3534 1047 3618 Nidus
1074 3532 1119 3615 in
1149 3535 1230 3615 fine
1259 3531 1472 3634 cuniculi,
1510 3531 1737 3636 stramine,
1770 3535 1944 3621 caulicu-

254 3680 308 3766 lis
319 3682 515 3803 ,plumis
544 3706 711 3768 stratus:
740 3684 834 3767 Oua
864 3698 888 3770 5
918 3686 971 3766 ad
1001 3697 1039 3770 6.
1069 3684 1176 3784 alba,
1207 3686 1395 3797 pondere
1418 3681 1602 3798 scrupuli
1623 3713 1721 3771 cum
1748 3684 1943 3770 dimidio.

253 3838 303 3915 ln
332 3832 426 3918 istis
454 3834 661 3920 cuniculis
689 3857 905 3948 torpentes
935 3833 1171 3948 hybernare
1194 3839 1422 3946 Drepanes,
1453 3835 1567 3945 quod
1596 3865 1641 3933 se
1669 3838 1723 3921 ad
1746 3834 1941 3921 Rhenum

253 3985 494 4069 observasse
521 3984 722 4100 perhibet
749 3989 790 4070 A
800 3988 959 4072 chord
989 3989 1042 4070 ad
1071 3987 1105 4070 C
1115 3992 1432 4071 ollinsonum
1457 3987 1602 4070 Actor.
1630 3993 1744 4099 angl.
1775 3995 1858 4073 vol.
1882 4001 1939 4074 53.

249 4164 295 4255 p.
331 4169 421 4219 ror.
451 4133 562 4219 mihi
589 4136 706 4218 nulla
734 4159 848 4219 certe
876 4135 1169 4220 observatione
1198 4156 1374 4219 constat.

390 4287 433 4368 N
440 4307 538 4368 ota.
596 4288 778 4371 Pondere
807 4289 918 4401 apud
947 4318 1022 4370 nos
1057 4290 1166 4371 solet
1207 4315 1296 4370 esse
1339 4301 1382 4376 δὲ
1422 4286 1510 4373 imo
1551 4291 1606 4374 sd
1648 4307 1675 4394 4
1707 4290 1941 4376 drachmas.

252 4435 494 4548 longitudo
521 4435 715 4520 intestini
743 4455 785 4531 ὀὶ
813 4437 1032 4549 pollicum.
1103 4441 1448 4525 Ccmtscltcticam
1488 4441 1741 4526 Stellcrus
1782 4441 1941 4555 Regulo

252 4586 461 4671 minorem
489 4584 619 4689 facit,
655 4617 777 4700 supra
804 4589 988 4684 fuscam,
1030 4591 1172 4670 subtus
1203 4587 1338 4670 albam
1352 4650 1367 4686 ,
1408 4612 1574 4703 praeter
1608 4591 1783 4675 fasciam
1814 4588 1939 4704 juguli

252 4737 567 4824 luscescentem.
587 4788 640 4801 -
668 4740 776 4823 Alce
804 4737 1063 4853 compositae
1092 4740 1267 4822 caudam
1298 4761 1492 4851 aequant.
1549 4743 1932 4856 Renriges17.qns·

250 4916 342 4971 rum
382 4924 422 4997 9.
464 4887 668 5004 primores
718 4889 967 4992 subacutae,
1009 4887 1228 5003 proximae
1273 4905 1311 4974 5.
1355 4892 1615 4981 rotundato·
1642 4893 1930 5010 emarginatse.
