4410 5910
250 456 344 543 490
1012 456 1159 508 Ε

388 660 526 747 Noto
555 690 593 745 a.
650 664 777 744 Parus
805 655 1017 757 cinereus,
1057 658 1283 744 Brisson.
1318 688 1405 745 orn.
1433 660 1511 743 m.
1538 692 1580 778 p.
1610 670 1704 769 549.
1731 644 1796 778 sp.
1826 676 1867 766 4,
1894 660 1946 747 ad

251 838 379 925 quem
406 812 512 898 citat
539 841 806 928 synonymon
832 815 1028 927 Spipolae
1061 811 1396 933 Wsztughbejt
1440 834 1484 896 ot
1524 800 1705 899 Albini
1746 812 1786 897 l.-
1814 843 1854 899 o.
1895 844 1948 899 au

250 985 361 1048 esset
388 964 554 1051 diversa
583 970 636 1051 ab
664 964 745 1051 hac
773 974 945 1051 nostrat

388 1120 433 1200 N
436 1139 526 1203 oto
555 1135 594 1204 3.
636 1117 828 1201 Pertinet
839 1115 925 1201 huc
940 1112 1093 1200 etiam:
1123 1114 1308 1202 Currucs
1329 1137 1455 1202 cautu
1476 1116 1721 1221 Luscinias,
1752 1119 1950 1204 Priscis

251 1297 320 1351 av.
349 1269 436 1352 tab.
467 1304 531 1353 21.
551 1272 637 1382 fig.
670 1285 710 1356 3.

258 1526 383 1614 125.
474 1520 982 1616 MOTACILLA
1055 1525 1323 1645 Cyonuro
1375 1525 1516 1620 TAB.
1555 1525 1713 1619 XXX.
1759 1512 1860 1649 fig.
1901 1551 1956 1623 1.-

389 1728 452 1808 M.
482 1753 603 1838 supra
631 1723 771 1820 furva,
800 1723 943 1806 subtus
971 1720 1258 1810 cineraseente
1288 1723 1450 1827 albida,
1488 1754 1585 1811 area
1611 1723 1796 1813 stabulari
1823 1724 1950 1829 fulva,

255 1871 506 1960 rectricibus
532 1873 718 1989 cyaneis.

476 2027 694 2141 Cyanurus
723 2029 798 2111 sub
829 2029 906 2114 alis
933 2032 1091 2135 luteus,
1129 2034 1415 2120 Messerschm.
1457 2058 1544 2114 om.
1588 2028 1678 2113 MS.
1706 2029 1802 2114 ΡΠ.
1837 2038 1951 2114 2123.

538 2197 626 2289 ¹74·
656 2178 765 2263 Mus.
795 2183 998 2300 Petropol.
1028 2188 1060 2267 Ι.
1102 2216 1142 2296 p.
1170 2197 1267 2294 379.
1295 2214 1324 2267 n
1365 2195 1582 2269 sor-303.

476 2330 699 2417 Motacilla
727 2331 971 2446 Cyanurus,
1006 2337 1113 2422 Poll.
1141 2344 1230 2419 itin.
1258 2337 1316 2417 II.
1344 2334 1519 2450 append.
1549 2364 1648 2447 pag.
1677 2366 1774 2443 7⁰9·
1817 2362 1859 2419 n.
1894 2341 1952 2416 rt.

532 2487 724 2566 Lathom.
754 2515 848 2596 syn.
877 2490 949 2570 IV.
979 2521 1019 2602 p.
1049 2502 1145 2593 459.

474 2641 708 2744 tMesangs
735 2636 790 2718 de
818 2634 998 2735 sibirie,
1026 2639 1258 2729 D'Aubents
1287 2644 1386 2752 pict.
1424 2634 1512 2720 tab.
1540 2646 1635 2746 7⁰⁰·
1663 2666 1706 2720 re.
1734 2646 1777 2723 3.

366 2782 510 2871 Rossis
538 2784 585 2868 in
614 2782 771 2868 Sibiria
798 2788 1116 2874 Sivochwostha.
1598 2800 1610 2811 ’“
1667 2762 1672 2771 ¹

394 2942 435 3021 A
462 2937 629 3023 Jenisea
668 2966 746 3049 per
780 2967 953 3022 omnem
993 2935 1192 3023 Sibiriam
1234 2938 1522 3054 aquilonarem
1561 2958 1606 3022 et
1647 2936 1873 3022 australem
1908 2933 1952 3021 in

256 3089 435 3205 sylvosis
465 3088 674 3186 solitaria,
702 3090 778 3172 sed
805 3089 1002 3201 frequens
1031 3089 1217 3206 avicula,
1260 3090 1505 3175 Rubeculae
1530 3087 1696 3174 ibidem
1723 3080 1847 3203 qumi
1872 3116 1953 3171 mc·

254 3247 441 3329 cedanea
469 3262 514 3326 et
542 3240 651 3324 facie
681 3239 954 3353 moribusque
980 3238 1217 3324 simillima.
1271 3240 1414 3326 Primo
1455 3270 1556 3326 vere
1596 3242 1799 3325 adventat
1826 3260 1872 3323 et
1896 3237 1954 3321 in·

254 3417 323 3479 ter
350 3396 521 3480 ultimas
551 3422 670 3497 aves,
699 3392 776 3475 sub
805 3393 932 3474 finem
966 3392 1229 3505 Septembris
1268 3414 1312 3476 et
1353 3393 1535 3478 Octobri
1574 3388 1799 3504 demigrat.
1864 3396 1953 3473 Pre-

252 3514 397 3633 mente
423 3576 527 3633 vero
555 3547 697 3632 subito
730 3546 879 3627 broma
908 3545 961 3627 ud
989 3543 1138 3628 domus
1165 3542 1434 3627 familiariter
1460 3542 1650 3641 accedit,
1675 3539 1768 3625 imo
1794 3536 1955 3655 tuguria

252 3697 505 3783 rusticorum
531 3699 686 3800 intrat,
729 3719 776 3780 ut
803 3698 914 3811 apud
943 3725 1019 3779 nos
1058 3696 1287 3783 Rubecula.
1360 3696 1469 3780 Voce
1496 3694 1603 3779 exili
1631 3722 1805 3778 cannen
1831 3694 1956 3777 breve

254 3850 329 3932 sed
358 3878 581 3933 amoenum
609 3849 778 3933 recitat.
849 3844 1025 3930 Femina
1054 3844 1271 3930 simillima
1302 3845 1421 3930 mari.
1476 3844 1958 3931 Messerschmidius

251 3996 299 4082 in
327 3999 487 4085 saxosis
518 3999 732 4093 montanis
761 4001 820 4084 ad·
841 3997 1088 4083 inferiorem
1113 4000 1385 4112 Tunguskam
1408 4001 1743 4093 observarem&
1786 3998 1954 4079 Gmeli·

251 4181 343 4235 nus
371 4181 453 4235 sen.
482 4150 528 4235 in
556 4149 776 4236 Jacutensi
803 4171 955 4233 tractu.
1013 4147 1128 4233 Mihi
1151 4178 1354 4262 nusquam
1384 4146 1598 4264 copiosior
1627 4146 1691 4231 vis
1705 4183 1731 4249 ι,
1763 4176 1889 4261 quam
1913 4142 1958 4227 in

251 4300 383 4415 sylvis
422 4302 516 4416 jugi·
555 4301 689 4416 alpini
737 4299 969 4402 Daumius,
1012 4297 1208 4385 Jablonoi
1251 4299 1378 4396 dicti,
1423 4298 1670 4416 praesertim
1712 4326 1816 4381 vere
1851 4295 1956 4383 circs

252 4453 446 4537 Condam
473 4456 515 4536 fl.
544 4450 620 4537 ubi
648 4476 694 4537 et
724 4453 905 4537 crebrae·
928 4451 982 4534 ab
1008 4448 1181 4535 insolita
1226 4476 1321 4534 sera·
1345 4449 1445 4535 nise
1474 4473 1521 4534 et
1548 4472 1586 4534 a'
1600 4451 1713 4534 fame
1740 4470 1958 4565 oppressae

253 4602 474 4688 exanimes
499 4602 851 4720 reperiebantur,
880 4607 1012 4714 Majo.
1068 4606 1150 4687 Per
1174 4608 1346 4695 omnem
1378 4622 1591 4687 caeterum
1620 4601 1877 4687 orientalem
1901 4594 1958 4681 Si·

250 4754 406 4839 biriam
433 4755 717 4871 dispergitur,
748 4750 853 4839 licet
879 4750 1241 4868 obpanisata'a,
1257 4774 1319 4839 'et-
1336 4738 1599 4869 qaod-densa
1608 4752 1825 4867 sylvarum
1839 4768 1956 4849 ames

249 4905 383 4993 rarius
404 4905 750 5027 inconspectum
779 4903 940 4992 veniat.
997 4904 1493 5005 G-mettnostaeusiam
1508 4909 1700 5025 adusque
1708 4898 1953 4993 observavit.
