4410 5910
411 449 471 538 tu'
1165 454 1326 514 ΕΞ·

408 691 507 778 ator,
527 674 678 789 Lepus,
708 696 816 785 quae
845 658 1033 779 glabreta
1058 655 1148 748 sine
1175 657 1307 775 sylvis
1334 654 1512 773 fugiunt3
1540 658 1697 744 debent
1725 682 1826 770 ergo
1852 654 1915 741 'ex
1941 677 2094 745 austra

409 825 516 911 liore
551 844 670 939 parte
698 817 827 904 Asiae
856 819 1069 933 quondam
1094 809 1422 924 transmigrasse.
1479 811 1605 923 Quod
1633 809 1671 894 si
1690 838 1766 924 per
1785 808 2017 895 insularum
2029 812 2092 896 in·

409 996 474 1062 ter
496 985 578 1063 53⁰
605 996 651 1056 et
677 975 760 1076 54⁰
788 1001 813 1054 a
843 964 1140 1056 Camtschatca
1178 992 1308 1079 usque
1355 964 1409 1048 ad
1447 964 1702 1077 productum
1742 959 1966 1046 Americae
2000 993 2097 1077 pro·

408 1125 668 1212 montorium
709 1120 1032 1208 subcontinuam
1073 1140 1118 1203 et
1143 1115 1249 1201 olim
1276 1116 1383 1200 forte
1412 1114 1550 1199 minus
1576 1115 1664 1198 lato
1697 1115 1806 1199 freto
1840 1110 2096 1228 discerptam

408 1278 582 1378 seriem,
624 1276 693 1359 vel
730 1303 807 1390 per
834 1271 1046 1358 fluitantes
1082 1267 1239 1384 glacies
1268 1270 1424 1353 factum
1450 1279 1541 1351 esse·
1565 1296 1783 1382 ponamus,
1805 1262 1928 1349 iniis
1953 1286 2097 1352 tamen

409 1426 562 1511 Insulis
584 1427 731 1540 (sylva
752 1423 910 1540 quippe
934 1419 1175 1531 destitutis)
1204 1415 1357 1522 hodie,
1385 1441 1551 1533 praeter
1577 1425 1813 1532 Lagopum,
1843 1417 2030 1530 Vulpem
2052 1441 2096 1505 et

408 1580 612 1692 quosdam
636 1583 789 1678 Mures,
820 1573 984 1658 nullum
1015 1593 1210 1657 terrestre
1240 1571 1475 1685 quadrupes
1488 1569 1619 1670 vivit;
1658 1567 1742 1652 nisi
1767 1569 1874 1653 forte
1905 1567 2094 1683 reliquae

409 1726 591 1843 species,
622 1726 792 1809 defectu
818 1724 962 1839 sylvae
991 1724 1037 1808 in
1064 1722 1153 1828 his,
1189 1752 1296 1837 quae
1324 1717 1546 1804 transitum
1573 1721 1866 1835 praebuerant,
1892 1718 2015 1803 terris
2035 1721 2095 1804 fu·

407 1899 529 1992 gatae
557 1876 630 1960 vel
658 1877 824 1962 deletae
852 1873 1059 1960 dicantur.
1112 1876 1267 1987 Neque
1303 1874 1506 1957 absonum
1539 1893 1603 1955 est
1635 1870 1859 1987 pristinam
1891 1892 2098 1959 terrarum

407 2028 733 2114 continuitatem
776 2047 956 2112 statuere
1000 2025 1046 2110 in
1091 2025 1263 2138 regione
1307 2021 1425 2139 globi
1468 2021 1818 2136 frequentissimis
1867 2021 2096 2136 ignivomis

408 2179 622 2266 montibus
648 2177 786 2264 obsita
821 2201 865 2262 et
897 2176 1128 2260 tremendis
1162 2174 1482 2261 terraemotibus
1516 2175 1748 2259 laborante.
1825 2178 1908 2259 Sed
1943 2175 2098 2261 mirum

408 2328 533 2412 simul
560 2327 741 2431 videtur,
771 2329 887 2442 quod
915 2327 1115 2413 animalia
1141 2331 1352 2442 quaedam
1377 2323 1602 2410 Americae
1629 2357 1727 2411 cum
1754 2332 1920 2441 Europa
1951 2329 2099 2412 borea·

408 2477 516 2563 liore
545 2479 629 2563 sint
657 2478 919 2582 communia,
948 2479 1181 2595 eademque
1210 2477 1389 2565 Sibiriae
1418 2473 1637 2561 universae
1666 2480 1893 2592 denegata:
1920 2501 1968 2563 ut
1987 2485 2099 2578 Mar·

405 2652 484 2733 tes,
513 2631 725 2733 Lutreola‚
755 2633 901 2730 Bison3
943 2659 1081 2744 neque
1109 2627 1243 2743 magis
1270 2628 1478 2745 explicari
1504 2660 1625 2743 posse
1660 2631 1817 2735 sentio,
1854 2627 2005 2746 quidni
2041 2661 2097 2718 ex

408 2745 661 2865 inimalibus
701 2779 925 2867 Americae
974 2803 1139 2867 arctoae
1186 2780 1469 2896 peculiaribus
1526 2782 1693 2897 (qualia
1730 2807 1845 2869 sunt:
1880 2781 2018 2870 Meles
2053 2807 2098 2873 et

406 2894 535 3016 Ursus
569 2931 827 3036 Americani,
869 2934 1018 3034 Canes,
1049 2934 1278 3036 Mustelae,
1319 2933 1523 3017 Viverrae
1551 2934 1692 3019 variae
1719 2965 1831 3022 novo
1866 2935 1975 3024 Orbi
2002 2966 2097 3052 pro·

405 3081 536 3198 priae,
560 3089 770 3168 Marmota
792 3085 1046 3197 quebecana‚
1079 3084 1228 3170 Castor
1254 3081 1504 3188 zibethicus,
1519 3090 1656 3200 Lepus
1671 3086 1942 3198 americanus,
1958 3080 2096 3203 caet.)

401 3216 556 3319 saltem
581 3264 712 3319 unum
739 3234 969 3319 alterumve
990 3236 1141 3320 eadem
1168 3234 1239 3320 via
1268 3236 1321 3321 ad
1348 3263 1424 3321 nos
1451 3237 1782 3325 transfretaverit
1809 3264 1853 3326 et
1878 3240 1925 3325 in
1959 3240 2097 3328 orien-

403 3383 482 3469 tali
509 3383 666 3469 Sibiria
691 3384 878 3500 speciem
905 3385 1270 3502 multiplicaverit

538 3686 810 3802 Migrotiones
845 3689 1124 3794 Lactantium,
1162 3689 1267 3778 licet
1302 3688 1499 3799 rariores,
1536 3692 1648 3811 apud
1683 3724 1758 3779 nos
1784 3692 1926 3781 variae
1951 3699 2090 3786 obser·

402 3822 525 3922 ratae
554 3861 663 3923 sunt.
720 3847 890 3925 Praeter
915 3841 1030 3926 enim
1059 3842 1246 3929 Muriurn
1273 3849 1443 3944 lemmi,
1472 3856 1651 3962 torquati
1685 3869 1728 3931 et
1756 3853 1927 3934 lenensis
1958 3850 2004 3934 in
2034 3880 2096 3935 ar·

400 3986 536 4091 cticis,
567 3994 628 4074 M.
643 4002 853 4078 oeconomi
879 3992 926 4078 in
953 3991 1151 4080 orientali
1165 3994 1333 4100 Sibiria,
1356 4004 1419 4082 M.
1433 4000 1589 4112 Lagari
1600 4027 1677 4115 per
1695 3997 1890 4085 Tatariae
1913 4002 2093 4109 deserta,

400 4144 462 4223 M.
501 4141 717 4227 decumani
744 4165 788 4228 et
814 4154 972 4258 agrarii
997 4174 1074 4260 per
1101 4176 1271 4232 omnem
1305 4153 1392 4260 jam
1425 4154 1637 4266 Europam
1671 4170 1715 4236 et
1751 4150 1964 4257 Rosciam,
2001 4185 2092 4270 par·

398 4289 480 4376 tim
507 4294 695 4376 Naturae
725 4296 910 4409 quadam
937 4296 1111 4382 obscura
1138 4298 1232 4413 lege
1260 4297 1420 4383 sancita
1441 4299 1596 4386 itinera
1617 4300 1849 4417 periodica,
1868 4331 1976 4417 quae
1990 4306 2091 4390 Vul-

398 4439 519 4559 pium
553 4462 600 4527 et
635 4446 909 4560 Lagopodum
944 4447 1160 4536 famelicos
1195 4451 1404 4537 exercitus
1437 4473 1536 4567 post
1571 4481 1614 4539 se
1649 4451 1842 4556 trahunt3
1892 4453 2093 4569 accidunt

399 4595 532 4681 etiam
558 4622 688 4708 vagae
715 4593 1007 4709 migrationes,
1044 4602 1213 4687 defectu
1238 4604 1455 4714 cujusdam
1474 4603 1622 4721 pabuli
1642 4602 1753 4692 hanc
1768 4607 1837 4691 vel
1857 4606 1980 4692 illam
1999 4636 2091 4723 spe·

399 4745 514 4830 ciem
547 4746 765 4862 adigentes
809 4749 924 4862 quod
956 4750 1003 4836 in
1040 4751 1195 4838 Sibiria
1222 4752 1469 4871 praesertim
1496 4756 1551 4842 de
1586 4756 1723 4860 Ursis,
1758 4763 1921 4874 Lepore
1955 4758 2089 4845 varia·

398 4895 481 4983 bili
516 4920 561 4983 et
594 4895 749 4983 sciuris
785 4901 1055 4989 observatum
1089 4925 1166 4990 cst.
1232 4905 1344 4993 Hinc
1378 4908 1486 4995 forte
1514 4929 1599 5012 est,
1628 4911 1743 5027 quod
1781 4913 1989 5025 quaedam
2026 4911 2089 4996 di·
