4410 5910
257 446 347 528 214
1018 428 1165 483 Ξ

260 626 562 761 compressum,
589 616 866 723 incrassatum
896 658 1037 719 versus
1064 626 1307 728 thoracem,
1345 629 1486 716 subtus
1514 632 1673 746 paleari
1697 632 1820 735 lanu,
1846 656 1944 747 pan·

258 780 380 899 dulo,
410 794 478 904 (in
504 787 702 877 masculis
729 794 907 900 majore,
957 813 1081 900 saepe
1109 780 1421 899 pinguissimo),
1460 782 1573 876 inter
1612 783 1779 900 priores
1793 848 1802 879 ,
1816 783 1951 899 pedes

259 945 528 1043 continuato,
557 951 654 1060 pilis
680 935 838 1055 longis,
877 936 1248 1051 convcrgentibua,
1294 932 1568 1034 subresersis,
1609 934 1751 1021 antice
1778 931 1953 1029 muana,

258 1101 422 1211 jubato,
451 1094 604 1213 quibus
632 1091 843 1178 foeminae
871 1091 1115 1174 Nomadum
1141 1086 1386 1203 acupictilia
1412 1109 1658 1195 ornamenta
1684 1107 1949 1173 exserunt.-

258 1255 418 1366 Corpus
444 1245 690 1366 praesertim
717 1240 892 1327 thorace
920 1268 1093 1352 magno,
1121 1238 1303 1355 scapulis
1323 1237 1563 1354 lumbisque
1581 1236 1836 1354 prominulis
1855 1238 1947 1325 sub

266 1403 524 1519 angulatum.
582 1400 752 1483 Velleris
779 1390 860 1509 pili
887 1420 964 1506 per
991 1412 1138 1505 caput,
1168 1392 1346 1495 collum,
1389 1394 1642 1506 dorsumque
1667 1412 1784 1476 retro
1811 1387 1948 1475 diver,

264 1577 390 1670 gunt,
419 1557 562 1640 subtus
590 1549 692 1634 inde
721 1579 746 1630 a
774 1540 968 1628 mammis
998 1565 1254 1647 antrorsum,
1291 1542 1411 1627 utin
1438 1544 1639 1629 lateribus
1665 1538 1839 1644 reflexi,
1866 1536 1949 1655 pri·

263 1706 405 1791 oribus
432 1707 657 1791 confluant.
727 1705 777 1781 ln
819 1716 992 1810 pectore
1033 1693 1146 1779 inter
1187 1725 1323 1781 armos
1363 1696 1582 1812 convergit
1619 1695 1757 1812 pilua,
1794 1702 1953 1815 vortice

266 1857 461 1972 utrinque
503 1858 557 1940 ad
597 1876 797 1938 aternum.
869 1849 1023 1933 Vortex
1058 1846 1164 1932 item
1198 1847 1243 1932 in
1277 1845 1614 1964 hypochondriis
1642 1870 1740 1937 ante
1768 1847 1950 1945 feneras

263 2031 404 2096 sutura
431 2005 639 2124 posterius
661 2033 737 2119 per
755 1997 930 2086 brachia
946 1998 1288 2113 longitudinalis,
1317 2002 1369 2084 ad
1389 1997 1606 2087 th'oraoem
1629 2001 1834 2104 biffurca,
1862 2026 1952 2086 cru·

265 2191 311 2247 re
340 2163 473 2245 altero
500 2152 771 2242 transversim
798 2180 939 2236 versus
967 2176 1173 2257 rtemann,
1204 2153 1336 2238 altero
1364 2182 1506 2238 versus
1527 2155 1658 2239 latera
1678 2152 1952 2251 decurrentes

269 2335 412 2401 sutura
441 2309 525 2395 alia
551 2308 598 2395 in
635 2309 839 2393 femorum
881 2304 1012 2389 latere
1053 2304 1243 2409 interno,
1284 2310 1513 2392 secundum
1552 2305 1764 2422 posticum
1803 2298 1954 2421 margi·

270 2496 391 2567 narn,
435 2460 666 2548 obsoletior
692 2457 738 2542 in
767 2479 959 2542 extremo
985 2460 1143 2573 pedum
1171 2432 1321 2544 versus.
1338 2454 1512 2574 ungulas
1540 2457 1712 2575 spurias.
1767 2461 1887 2545 Pilus
1908 2454 1954 2542 in

272 2645 447 2733 corpore
476 2613 671 2730 hyberno
699 2608 899 2726 Capreoli
925 2608 1174 2717 subsimilis,
1214 2612 1300 2697 nisi
1328 2611 1518 2711 mollior,
1559 2611 1684 2697 valde
1715 2609 1952 2709 electrina,

270 2767 569 2870 scintillantes,
599 2772 792 2877 lanugine
820 2765 873 2846 ad
902 2758 1041 2846 cutem
1067 2764 1316 2869 tenerrima,
1344 2765 1391 2849 in
1421 2763 1630 2849 circinnos
1657 2762 1863 2881 crispata,
1898 2758 1956 2849 cia

268 2948 394 3007 nerea
401 2981 415 3020 ,
451 2948 683 3035 quaecum
712 2913 898 3001 Castoris
925 2913 1125 3029 lanugine
1152 2915 1335 3001 mollitie
1363 2936 1522 3014 certat,
1563 2922 1630 3026 (ut
1656 2914 1766 3000 siin
1792 2909 1953 3001 mitiori

269 3073 440 3160 climate
466 3069 640 3158 educari
667 3089 840 3184 possent
867 3060 1112 3171 domestici,
1155 3098 1249 3183 apes
1288 3068 1364 3168 sit,
1404 3067 1615 3182 lanigeros
1641 3075 1875 3180 evasuros).
1899 3112 1953 3133 -

268 3224 398 3311 Pedes
423 3221 608 3322 robusti,
647 3221 944 3334 subaequales,
986 3250 1072 3305 non
1100 3225 1154 3307 ad
1180 3223 1352 3320 saltum,
1392 3223 1467 3305 sed
1494 3250 1658 3306 cursum
1686 3220 1955 3336 aequabilem

269 3375 440 3462 structi:
484 3379 674 3490 Ungulae
714 3371 925 3488 prioribus
970 3372 1141 3486 (quibus
1182 3371 1228 3455 in
1260 3370 1424 3489 postica
1450 3402 1620 3486 surgens
1649 3372 1749 3458 ferit
1777 3370 1954 3483 animal)

270 3535 471 3642 majores,
512 3534 734 3646 primariae
769 3521 967 3609 omnibus
992 3521 1173 3610 dilatato
1186 3575 1201 3590 ·
1215 3525 1455 3630 subovales‚
1498 3526 1773 3640 explanatae,
1811 3522 1958 3611 subtus

267 3692 501 3779 concavae,
542 3677 732 3795 apicibus
758 3674 1014 3774 rotundatis,
1052 3676 1447 3762 subdecussantibus
1487 3680 1620 3787 (unde
1646 3676 1692 3762 in
1718 3706 1847 3762 cursu
1872 3704 1954 3763 cre·

268 3830 488 3948 pitantes).
544 3833 693 3941 Margo
720 3824 871 3911 barum
898 3817 1147 3943 ungularum
1168 3852 1290 3914 extus
1310 3828 1592 3927 laetissimus,
1618 3833 1765 3916 subtus
1791 3833 1954 3918 librato·

269 4004 551 4097 exasperatus
619 3981 810 4093 Ungulas
836 3989 1000 4094 spuriae
1028 3982 1269 4081 subovales,
1310 3983 1556 4081 subacutae,
1595 3980 1953 4098 triquetro-com·

269 4134 491 4251 planatae,
520 4154 641 4219 extus
667 4159 906 4229 convexae,
932 4128 1048 4216 intus
1074 4162 1307 4232 concavae,
1333 4132 1543 4250 prioribus
1560 4135 1741 4251 pedibus
1765 4143 1952 4250 majores,

271 4299 409 4371 terrae
435 4286 712 4372 insistentes·
747 4287 874 4369 Color
899 4283 1147 4397 ungularum
1176 4284 1222 4370 in
1243 4285 1487 4371 domesticis
1508 4289 1635 4371 modo
1655 4286 1801 4401 niger,
1829 4287 1951 4373 modu

272 4436 532 4524 verticaliter
559 4437 685 4521 albo·
699 4434 909 4520 fasciatus.
965 4438 1047 4522 Pili
1075 4437 1307 4551 longiores,
1337 4435 1532 4550 rigidi
1495 4468 1608 4523 crrca
1635 4441 1950 4553 ungulas,m·

273 4585 389 4675 xime
416 4585 530 4671 inter
555 4586 751 4704 posticas.
822 4587 961 4672 Plr'coe
997 4617 1071 4672 seu
1097 4588 1327 4673 fraenum
1315 4611 1429 4672 mter
1454 4592 1703 4705 ungularum
1728 4586 1948 4706 phalanga

271 4735 339 4846 (in
366 4739 665 4848 anterioribus)
690 4760 854 4824 tantum
880 4768 1011 4852 usque
1041 4742 1094 4824 ad
1124 4739 1350 4824 articulum
1380 4744 1610 4840 secundae,
1638 4772 1822 4843 crassae,
1859 4731 1945 4825 sas!

272 4887 417 4993 laxae,
445 4889 716 4975 ellormautea
743 4888 934 4975 fossam
921 4912 1034 4975 1nter
1059 4888 1290 5007 phalanges
1316 4891 1479 5007 postiae
1506 4893 1828 5008 profundam,
1812 4922 1859 4979 ru
1880 4912 1942 5007 pov
