4410 5910
250 408 308 489 62
410 370 415 377 Ι
1016 430 1167 482 ·..·.·=

419 672 461 723 a·
489 658 587 717 cum
614 630 718 745 lupo
743 630 939 745 prodens.
966 674 1009 693 ·-
1038 626 1117 713 His
1144 626 1246 715 dein
1274 647 1539 715 accesserunt
1563 588 1819 743 othybrido
1845 658 1944 717 con·

414 813 558 900 gressu
584 781 835 867 multifarias
862 782 1015 867 formas
1041 782 1336 896 produxerunt
1360 786 1794 881 neocaesarienses,
1813 774 1944 897 eqrri·

279 990 284 997 ·
415 939 493 1023 bus
521 933 708 1021 maxime
735 931 1091 1050 multiplicarunt:
1674 968 1677 977 ·

359 1191 384 1234 ι.
413 1148 620 1232 Molossus
652 1144 877 1266 (Datskaja
903 1145 1107 1256 Sobaha),
1144 1147 1262 1232 fusco
1290 1176 1455 1264 semper
1483 1147 1647 1251 colore„

360 1395 394 1456 η.
424 1360 688 1445 Auiculurius
716 1360 956 1476 (Lehauajo
983 1360 1053 1466 S.)
1064 1419 1079 1458 ,
1120 1365 1291 1474 ejusque
1320 1357 1534 1473 Ragusina
1561 1355 1760 1461 varietas,
1802 1355 1943 1441 Buffo·

414 1509 487 1597 nio
515 1512 678 1626 Broque
705 1510 756 1594 de
783 1511 965 1624 Bengale
992 1540 1214 1628 perperam
1242 1508 1378 1610 dicta3
1415 1540 1495 1596 nec
1521 1540 1608 1596 non
1633 1506 1837 1611 torosior,
1877 1538 1943 1591 nu·

415 1692 463 1749 so
490 1660 649 1764 diviso,
688 1663 743 1745 ed
771 1662 1059 1778 conquirenda
1087 1664 1253 1747 Tubera
1279 1685 1416 1747 terrae
1443 1659 1693 1778 praesertim
1720 1657 1890 1746 docilis.

358 1884 390 1968 θ.
420 1878 652 1991 Aquaticus
679 1870 1010 1984 (Outscharku),
1046 1873 1188 1960 colore
1216 1874 1464 1989 plerumque
1492 1874 1683 1958 brunneo
1710 1868 1782 1954 vel
1810 1867 1941 1983 nigro

413 2025 605 2129 omnium
632 2023 818 2112 maxime
847 2024 894 2111 in
922 2054 1122 2112 venerem
1148 2055 1281 2142 prone
1309 2046 1353 2110 et
1381 2023 1614 2111 docillima.

361 2278 395 2325 κ.
424 2240 641 2323 cursorius
667 2263 741 2318 seu
767 2236 986 2323 veneticus
1022 2239 1291 2354 (Gontschuja
1318 2237 1381 2346 S.)
1419 2235 1662 2322 Malorossis
1691 2236 1835 2319 Chore.
1864 2257 1944 2314 soe·

415 2386 511 2504 pius
536 2387 771 2488 lutescens,
803 2389 873 2472 vel
901 2388 1045 2504 nigra,
1084 2385 1324 2505 superciliis
1351 2409 1396 2471 et
1423 2388 1519 2500 gule
1547 2383 1688 2472 fulvis.

360 2617 401 2683 λ.
430 2599 579 2717 Grajus
601 2608 843 2710 giganteus,
882 2629 915 2682 s.
944 2596 1223 2713 hybernicus,
1253 2597 1504 2714 plerumque
1532 2593 1768 2698 rabbinus,
1800 2589 1942 2679 subtri-

416 2748 564 2865 peduli
603 2749 691 2834 fere
734 2748 982 2856 altitudine,
1029 2753 1327 2870 Jaroslufslsoja
1354 2753 1397 2837 S.
1427 2781 1452 2835 a
1479 2750 1592 2850 loco,
1618 2745 1695 2834 ubi
1720 2743 1943 2861 praecipue

415 2900 583 3001 colitur,
611 2900 739 2986 dicta.

229 3200 234 3217 ,
359 3154 402 3220 μ.
432 3113 581 3230 Grajm
607 3114 809 3217 tenellus,
839 3112 1031 3216 italicum
1061 3112 1265 3228 Anglicus
1294 3115 1420 3229 vulgo
1450 3111 1602 3201 dictus.

359 3362 390 3411 r·
418 3323 606 3410 Danum
633 3321 814 3411 subtilis.

359 3537 398 3645 ξ.
427 3535 637 3633 Priscum,
666 3539 869 3648 (Mosko)
898 3531 1192 3649 magnitudine
1220 3532 1351 3637 puna.

251 3713 422 3803 Deinde
451 3716 591 3801 minus
618 3719 858 3832 frequentes
888 3720 998 3833 apud
1026 3749 1101 3804 nos
1130 3739 1372 3801 occurrunt:

359 3938 391 3984 o.
421 3901 670 3986 Pomeronus
698 3902 864 4018 (Spitz)
902 3907 1075 4018 ejusque
1103 3899 1284 3986 varietas
1312 3895 1479 4039 pusilio.

360 4149 405 4211 μ.
436 4109 478 4193 V
474 4126 660 4222 ertagus,
690 4109 1013 4197 verosimillime
1040 4048 1066 4195 e
1094 4120 1131 4205 κ)
1169 4131 1311 4212 natus,
1348 4101 1545 4222 pumilio.

361 4361 395 4435 p.
423 4322 646 4407 Extremus
672 4325 947 4433 (Istscheika)
976 4326 1148 4435 ejusque
1177 4320 1284 4403 forte
1312 4318 1507 4429 degener.
1558 4262 1565 4275 ι

360 4569 393 4619 s.
422 4534 641 4621 Melitoeus
670 4534 1027 4651 (Medeloenskaja
1045 4533 1115 4641 S.)

360 4780 400 4828 r.
428 4746 655 4845 Leonimus,
695 4745 805 4830 forte
848 4773 904 4829 ex
945 4743 976 4830 θ.
1019 4763 1065 4826 et
1104 4773 1138 4847 ς.
1166 4740 1382 4855 quondum
1422 4730 1610 4849 hybrida
1648 4750 1695 4815 et
1736 4722 1946 4813 dominun

414 4894 652 5007 progenies.
