4410 5910
1037 371 1191 424 ετ.
1862 380 1952 492 393

258 580 421 692 „cinna
476 573 611 662 Labie
636 568 836 656 inferiora
870 570 1170 688 praegrandia,
1212 569 1399 673 tumida,
1440 601 1489 659 oa
1506 597 1629 662 arcte
1657 577 1951 669 claudentiae

260 766 396 852 „pura
424 726 684 847 pinguedine
713 727 843 829 lacta,
880 755 986 837 quae
1015 725 1178 840 optima
1205 723 1252 810 in
1278 748 1369 811 tota
1387 724 1577 836 *Balaena
1611 754 1818 822 censetur.
1875 738 1953 820 Pa-

260 894 426 989 „latum
451 878 589 967 canali
617 875 762 963 medio
789 877 1000 993 profundo
1028 899 1268 977 exaratum,
1300 908 1451 964 ¹uersus
1478 901 1654 968 rostrum
1690 885 1846 977 sensim
1884 918 1952 972 an-

257 1035 493 1153 „gustiore,
537 1029 738 1116 lamellis.
758 1027 885 1132 albis,
928 1029 1135 1128 nervosis,
1178 1028 1315 1115 veluti
1353 1029 1546 1117 loricato.
1617 1033 1741 1130 Oculi
1779 1036 1953 1123 bovillis

255 1195 484 1301 „majores3
513 1210 645 1299 prope
674 1181 898 1267 articulum
927 1181 1127 1266 maxillae
1155 1181 1247 1284 siti;
1279 1213 1424 1270 neruus
1445 1181 1763 1300 ophthalmicus
1789 1186 1863 1273 vix
1885 1219 1952 1274 co·

256 1336 484 1448 „lumbino
512 1336 676 1423 calamo
704 1332 892 1419 crassior.
959 1335 1091 1420 Irides
1129 1335 1371 1452 plumbeae.
1438 1339 1660 1425 Sclerotica
1696 1338 1951 1425 substantiae

254 1491 400 1610 „inter
425 1516 588 1574 osseam
625 1508 673 1571 et
699 1483 1018 1599 cartilagineam
1046 1486 1234 1587 mediae,
1261 1486 1425 1602 poetice
1454 1489 1507 1576 ad
1527 1506 1554 1594 4
1574 1489 1710 1577 lineas
1732 1521 1880 1579 crassa.
1903 1538 1954 1554 -

256 1643 449 1754 „Trabes
477 1639 653 1725 laminas
682 1639 766 1725 oris
795 1636 1049 1724 sustinentes
1091 1641 1320 1725 admodum
1359 1639 1588 1756 peculiaris
1628 1665 1725 1729 sunt
1767 1646 1957 1730 substan·

255 1796 375 1905 „tiae
382 1854 397 1894 ,
438 1787 545 1908 quae
586 1821 666 1877 nec
694 1818 869 1895 cornea,
911 1818 992 1875 nec
1020 1789 1295 1906 cartilaginea
1323 1792 1467 1878 vocari
1492 1817 1655 1909 potest,
1696 1798 1773 1882 sed
1800 1803 1952 1911 'potius

257 1951 502 2057 „coriacea3
546 1944 710 2031 conum
738 1941 853 2028 enim
881 1941 1132 2029 bubalinum
1158 1974 1235 2059 pro
1264 1944 1391 2031 soleis
1417 1969 1636 2061 paratum,
1677 1948 1749 2033 vel
1777 1947 1953 2060 ungulas

252 2100 363 2209 „diu
392 2127 499 2213 aqna
525 2096 690 2181 fervida
720 2094 900 2181 elixatas
928 2096 1181 2214 aemulatur,
1225 2118 1270 2181 et
1296 2096 1551 2183 lamellatim
1579 2100 1716 2185 cultro
1743 2098 1882 2184 scindi
1907 2126 1951 2182 se

253 2251 446 2370 „patitur
452 2309 466 2348 ,
509 2281 534 2334 a
574 2245 810 2362 gentilibus
847 2279 925 2363 pro
965 2246 1065 2333 cibo
1100 2246 1225 2333 avide
1268 2246 1478 2364 expetita,
1525 2248 1631 2336 licet
1670 2215 1952 2366 insipida-{-

255 2404 522 2511 „Umbilr'cns
549 2400 685 2486 instar
709 2399 823 2488 orbis
849 2400 1017 2486 stannci
1050 2398 1097 2486 in
1132 2399 1280 2487 medio
1314 2424 1463 2487 ventre
1498 2403 1726 2517 prominet.
1794 2405 1952 2489 Puden·

252 2559 389 2664 „dum
417 2587 439 2638 a
468 2555 569 2671 ped.
598 2555 792 2669 longum,
831 2554 968 2640 forma
992 2551 1184 2658 rhombi,
1226 2552 1351 2640 labiis
1378 2553 1495 2642 duris
1523 2579 1569 2643 et
1591 2556 1761 2656 crassis,
1798 2555 1953 2671 quibus

254 2705 486 2818 „imminet
513 2705 677 2792 clitoris
704 2703 943 2824 pollicaris,
984 2709 1106 2811 dura,
1151 2706 1308 2820 glabra.
1372 2706 1572 2795 Proxime
1613 2711 1669 2794 ad
1707 2710 1954 2824 pudendum

251 2892 391 2969 ,mnas
418 2858 517 2945 satis
547 2881 764 2972 angustus,
805 2859 882 2945 vix
908 2860 1038 2945 trium
1065 2859 1296 2974 digitorum
1325 2859 1622 2975 amplitudine.
1679 2859 1955 2976 Tripollicari

253 3011 485 3127 „utrinque
514 3044 539 3096 a
565 3013 767 3127 pudendo
796 3011 998 3098 distantia
1039 3043 1243 3097 mammae
1277 3008 1491 3123 singulae,
1535 3018 1599 3099 δ”.
1627 3020 1700 3122 7”’.
1728 3014 1881 3125 longae
1907 3035 1955 3115 et

252 3168 341 3276 „ad
369 3163 574 3281 papillam
601 3182 629 3270 4
655 3166 761 3279 poll.
801 3163 1051 3264 latitudine,
1092 3158 1140 3247 in
1180 3166 1289 3250 fossa
1328 3162 1484 3247 itidem
1525 3158 1808 3248 subrhombea
1847 3160 1953 3248 deli·

251 3338 509 3427 „tescentes
563 3318 754 3430 Papillae
782 3314 858 3401 rix
885 3318 1046 3433 pollice
1075 3315 1310 3428 longiores,
1340 3335 1512 3399 etcum
1539 3314 1681 3399 areola
1706 3333 1872 3400 saccata
1897 3311 1952 3432 si·

252 3470 378 3580 „mul
405 3491 640 3554 extrorsum
666 3467 947 3582 protractiles.
972 3515 1030 3538 -·
1073 3469 1223 3556 Gauda
1267 3455 1435 3566 valida,
1474 3462 1705 3581 forcipata,
1744 3466 1954 3590 cornubus

251 3621 456 3733 „lunatis
512 3623 707 3708 Craticula
732 3620 874 3734 nigra,
905 3618 1183 3736 semipollicis
1212 3618 1424 3724 crassitie²
1456 3639 1596 3715 totum
1622 3630 1773 3734 corpus
1802 3615 1951 3721 ambit,

251 3775 400 3884 „circa
427 3796 554 3889 caput
582 3802 800 3888 scruposa,
828 3772 1059 3889 multisque
1088 3771 1321 3858 acetabulis
1346 3768 1686 3888 prominentibus
1714 3791 1759 3858 et
1787 3766 1954 3857 fossulis

249 3925 533 4042 „inaequalis
613 3923 787 4011 Corium
816 3928 932 4011 fumo
960 3923 1165 4012 siccatum
1192 3925 1328 4012 soleas
1354 3926 1531 4040 praebet
1556 3921 1634 4011 vix
1663 3951 1849 4034 unquam
1875 3949 1954 4004 usu

252 4082 546 4185 ,gustandam
575 4100 622 4165 et
647 4107 672 4162 a
704 4076 858 4163 validis
886 4081 1045 4166 caudae
1072 4076 1320 4166 tendinibus
1345 4099 1545 4195 pmantur
1570 4073 1754 4163 chordae
1782 4100 1955 4160 mamam

250 4230 592 4339 „fortissimae“.
645 4232 857 4318 Staller.

610 4486 737 4574 150.
826 4481 1224 4575 aniauua
1293 4479 1604 4573 Masculus.
1753 4438 1756 4443 ’

392 4675 441 4754 Β.
470 4666 691 4785 tripinnis,
719 4666 897 4753 maxilla
923 4665 1124 4753 inferiore
1153 4665 1309 4752 latiore
1333 4669 1577 4771 rotundata,
1624 4670 1792 4775 (ventre
1818 4659 1953 4746 amca·

248 4822 346 4935 no),
372 4818 558 4910 Stbbatd
586 4826 776 4937 pholoen.
806 4856 848 4940 p·
879 4832 946 4909 33.
980 4818 1065 4907 tab.
1093 4839 1134 4930 4.
1162 4823 1257 4944 Raj.
1287 4828 1394 4937 piso·
1418 4828 1464 4938 ps
1496 4832 1559 4909 16·
1644 4944 1647 4951 Ι
1728 4916 1732 4925 ,
