4410 5910
1025 414 1171 473 κ

413 619 758 711 Tomskiensibus
797 623 1008 741 Pjaugba3
1048 624 1101 707 ad
1139 623 1308 734 Narym·
1343 621 1484 740 Pjaek,
1535 617 1779 708 monticolis
1819 623 1934 721 ott·

413 775 601 864 Coibalis
628 780 734 863 Chai
741 811 755 871 ;
782 773 1020 888 Tawginzis
1046 777 1254 892 Kougjaer
1283 771 1596 860 Camaschinzis
1623 775 1724 870 Κείς
1751 775 1932 861 Motoris

414 932 565 1015 Hidae.
621 925 792 1011 Arinzis
823 927 1081 1044 Okhjdiscbir
1117 924 1292 1013 Cotovis
1319 926 1600 1024 Atscbarucb5
1626 925 1802 1011 Assanis
1840 928 1932 1012 Au·

415 1085 664 1194 schangsch3
704 1077 974 1193 Pumpocolis
1000 1081 1153 1196 Chaju3
1192 1074 1537 1167 Inbazkiensibus
1562 1080 1762 1195 Kchdoje.
1819 1080 1936 1177 Juca·

413 1231 514 1347 giris
533 1233 701 1346 Orgae.
758 1226 1064 1318 Tschuktschis
1097 1229 1291 1346 Wopchu.
1346 1227 1548 1345 Tangutis
1577 1231 1888 1331 Sclmvoraletb.

386 1414 634 1530 Hospitatur
661 1415 708 1498 in
737 1413 960 1511 Poloniae,
986 1409 1261 1517 Lithuaniae,
1292 1412 1497 1500 Livoniae
1522 1384 1571 1498 et·
1590 1410 1836 1499 Fennoniae
1865 1411 1944 1528 syl·

251 1565 336 1667 vis,
372 1565 572 1681 omnique
603 1565 770 1668 Rossia,
814 1564 977 1649 aMari
1005 1566 1101 1650 albo
1129 1594 1260 1680 usque
1290 1568 1343 1650 ad
1373 1567 1626 1668 Caucasum,
1669 1561 1776 1649 locis
1803 1565 1937 1680 sylve-

251 1718 403 1806 stribus
433 1741 477 1801 et
504 1718 690 1833 aquosis,
718 1719 841 1800 etad
870 1746 1109 1802 nemorosas
1138 1717 1360 1800 fluminum
1388 1717 1519 1832 ripas,
1547 1745 1732 1802 necnon
1759 1745 1840 1832 per
1861 1745 1944 1800 om·

249 1860 350 1958 nem
378 1867 599 1972 Sibiriam,
630 1870 685 1953 ad
709 1877 867 1953 Lenam
897 1898 1048 1984 usque,
1076 1866 1122 1950 in
1151 1867 1328 1982 sylvosis
1359 1891 1402 1952 et
1430 1869 1475 1953 in
1502 1867 1704 1953 tracturus
1732 1865 1941 1952 montium

247 2020 454 2125 Altaico,
504 2019 749 2133 Sajanensi,
797 2018 1063 2121 Baicalensi,
1107 2051 1131 2101 a
1171 2018 1321 2134 quibus
1362 2019 1685 2107 verosimillime
1726 2020 1860 2106 etiam
1899 2018 1944 2104 in

251 2172 498 2260 australiora
539 2194 737 2255 montana
772 2172 922 2274 Asiae,
963 2173 1016 2255 ad
1056 2173 1256 2257 Indorum
1293 2175 1403 2258 forte
1447 2201 1578 2289 usque
1619 2173 1722 2256 fines
1758 2169 1948 2257 secessit.

251 2321 550 2438 Magnitudine
578 2321 692 2405 inter
728 2321 942 2407 terrestria
977 2321 1198 2426 animalia,
1243 2347 1339 2439 post
1367 2324 1613 2422 Camelum,
1655 2320 1946 2438 praecipuum,

250 2474 336 2561 nisi
375 2504 531 2590 equum
557 2477 665 2559 forte
693 2475 993 2588 subaequalem
1020 2471 1149 2558 dicas.
1219 2473 1490 2592 Populosiora
1529 2475 1623 2562 loca
1650 2504 1763 2560 nunc
1791 2474 1949 2560 sensim

251 2625 481 2740 relinquit,
523 2626 880 2739 quemadmodum
918 2648 963 2710 et
999 2624 1245 2729 Germania,
1286 2625 1360 2712 ubi
1398 2630 1436 2711 J.
1466 2631 1712 2714 Caesaris
1750 2648 1945 2742 tempore

253 2764 345 2861 erat
370 2778 585 2891 frequens,
615 2776 708 2860 imo
731 2774 843 2862 cinca
872 2807 1025 2860 annum
1052 2773 1214 2863 Christi
1248 2792 1364 2867 2025.
1394 2777 1534 2867 adhuc
1561 2776 1735 2864 vivebat
1762 2782 1845 2888 (‘),
1875 2806 1946 2892 pe

252 2928 366 3013 nitus
408 2925 605 3012 excessit.
674 2934 726 3011 In
767 2925 922 3011 Sibiria
951 2928 1178 3028 ulteriore,
1217 2928 1354 3013 minus
1381 2930 1610 3046 populosa,
1653 2931 1776 3014 datur
1818 2926 1949 3013 adsi·

252 3074 355 3165 num
383 3060 740 3178 Penshinensem,
777 3077 1012 3192 fluviosque
1045 3077 1236 3192 Covyrna
1271 3102 1316 3165 et
1351 3080 1492 3186 Anni,
1536 3103 1581 3166 et
1607 3079 1803 3195 regiones
1833 3080 1949 3165 circa

253 3224 344 3316 Uth
373 3233 472 3315 fluv.
513 3259 731 3345 quousque
773 3228 940 3315 scilicet
979 3230 1142 3345 sylvae3
1188 3230 1342 3345 quibus
1379 3230 1675 3318 deficientibus
1715 3231 1764 3316 in
1806 3231 1947 3319 Camt·

254 3379 470 3469 schatcam
509 3411 595 3466 non
634 3379 822 3480 transiit,
864 3411 943 3466 nec
973 3382 1084 3497 apud
1110 3378 1427 3470 Tschuktschos
1453 3383 1553 3471 ideo
1581 3385 1754 3487 dantur,
1794 3405 1844 3469 ut
1871 3380 1947 3468 mi·

250 3528 345 3620 rum
374 3533 441 3634 sit,
470 3535 684 3648 quomodo
712 3532 758 3616 in
785 3530 1051 3639 Americam,
1078 3560 1158 3648 per
1182 3531 1374 3649 Beringii
1400 3537 1579 3639 fretum,
1604 3532 1865 3620 transierint.
1892 3580 1949 3601 -

252 3690 429 3768 Aestate
458 3685 571 3769 circa
599 3683 772 3767 flumina
801 3704 846 3768 et
873 3685 1101 3799 profundos
1137 3684 1250 3770 rivos
1290 3687 1448 3772 versari
1488 3709 1652 3790 amant,
1692 3683 1846 3801 quibus
1887 3712 1947 3786 se,

254 3835 309 3920 ad
337 3865 483 3919 nasum
511 3862 642 3949 usque
673 3863 805 3949 aquae
833 3833 1044 3940 immersi,
1089 3835 1142 3921 ab
1177 3835 1325 3927 oestris
1360 3861 1404 3922 et
1430 3837 1614 3925 Tabanis
1640 3858 1851 3941 tutantur,
1894 3837 1946 3922 si·

253 3976 344 4073 inul
372 4008 533 4101 gratam
559 3983 641 4070 sibi
687 3992 907 4073 Festucam
945 3985 1184 4072 fluitantem
1224 3989 1515 4102 depascuntur.
1585 3995 1753 4104 Hyeme
1794 3984 1950 4106 Populi

253 4132 461 4224 tremulae
493 4159 538 4222 et
565 4135 688 4223 Sorbi
717 4138 965 4255 aucupariae
993 4137 1175 4252 virgulta
1203 4161 1247 4225 et
1274 4138 1481 4233 corticem
1518 4140 1746 4257 praecipue
1789 4161 1949 4243 amant,

253 4317 432 4404 quorum
458 4288 588 4375 etiam
616 4290 834 4377 frondibus
860 4290 1023 4375 vivunt.
1080 4292 1232 4379 Oestro
1260 4294 1400 4376 furent
1421 4293 1661 4408 Septembri
1682 4314 1728 4379 et
1750 4290 1949 4393 Octobri,

253 4460 356 4528 tunc
382 4464 571 4557 pugnant
596 4440 710 4528 inter
736 4472 806 4550 ae,
832 4462 958 4558 atqua
985 4441 1237 4529 ferocissimi
1264 4472 1423 4549 mares,
1460 4444 1765 4549 venatoribus,
1794 4445 1835 4533 si
1862 4442 1951 4531 vul·

302 4780 359 4873 (⁸)
382 4778 551 4861 schum
576 4778 936 4877 sacrumfactum
965 4797 1036 4858 ares
1059 4779 1155 4870 Hest.
1205 4775 1402 4876 Grettr'ngae
1435 4791 1540 4870 ¹776·
1570 4796 1652 4867 tvo.
