4410 5910
1048 408 1202 467 Ε
1378 338 1380 342 ⁴
1880 420 1971 508 ²43

269 586 589 731 pascamus
608 606 982 729 rumunnense
1005 608 1217 730 agana.
1288 613 1388 704 na
1414 608 1596 704 amna
1622 608 1973 738 amoenata

215 766 218 770 Δ
270 764 445 851 linistro
471 748 612 883 priore
640 796 722 853 sua·
739 758 1020 854 extremitate
1040 767 1195 872 libera,
1225 767 1399 884 linguae
1423 769 1600 855 caninae
1628 769 1763 857 simili
1788 772 1968 863 circum,

268 919 424 1023 limus,
454 918 722 1034 longitudine
757 924 801 1007 ι’.
838 924 920 1007 ιο”.
943 917 1170 1008 latitudine
1192 928 1252 1011 5''.
1275 920 1464 1009 crassitie
1487 938 1512 1009 3
1535 924 1606 1008 vel
1628 941 1656 1028 4
1676 923 1971 1011 linearum-

270 1073 415 1188 dispar
440 1071 793 1188 subtriangulere,
823 1074 1091 1190 longi-tudine
1126 1079 1170 1160 ι’.
1200 1077 1261 1163 3”.
1290 1073 1520 1161 latitudine
1564 1107 1724 1161 summa
1762 1081 1825 1165 δ”.
1860 1110 1968 1166 cras·

266 1224 371 1309 sirie
400 1229 460 1310 a''.
473 1274 532 1293 -
557 1229 702 1338 Cystis
729 1230 857 1313 fallea
883 1257 1056 1345 magna,
1085 1231 1162 1314 sub
1182 1220 1336 1314 'medio
1364 1226 1451 1312 fere
1480 1225 1657 1345 hepate,
1700 1232 1833 1318 fundo
1860 1233 1965 1320 libe·

264 1404 318 1462 ro
354 1382 644 1493 propendens,
688 1383 804 1469 collo
836 1380 1160 1497 paranchymati
1196 1379 1397 1497 hepatico
1434 1379 1652 1485 immersa,
1696 1387 1802 1471 adeo
1832 1417 1966 1502 capax

263 1549 317 1614 ut
341 1558 470 1615 unam
497 1531 650 1616 libram
678 1532 834 1648 liquidi
861 1557 1044 1649 caperet.
1102 1537 1332 1620 Glundulue
1359 1536 1436 1618 sub
1468 1534 1614 1620 tunica
1634 1535 1857 1623 reticrtlata
1878 1547 1965 1652 ejus

264 1679 436 1767 intensa
471 1682 626 1799 passim
664 1686 957 1801 magnitudine
993 1686 1166 1771 seminis
1201 1686 1443 1773 cannabini.
1500 1687 1708 1772 Valvulae
1746 1688 1794 1774 in
1835 1694 1966 1776 ductu
2028 1748 2031 1755 -

263 1835 432 1950 cyatico
458 1837 621 1940 nullae,
652 1842 728 1925 sed
750 1837 1041 1926 cheledochus
1062 1843 1322 1926 adtenuatus.
1380 1842 1543 1927 Ductus
1557 1846 1885 1955 hepate-cyclici
1912 1848 1965 1928 ab

219 2104 223 2111 Ι
261 2000 351 2075 'tino
381 1990 435 2072 ad
463 1991 567 2074 duos
594 1992 788 2109 pluresve
814 1990 862 2079 in
889 1992 1018 2078 variis
1047 1989 1299 2078 animalibus
1334 1993 1573 2098 variabant,
1618 1996 1838 2080 straminei
1877 1997 1963 2080 cul

263 2140 326 2229 tui
343 2170 554 2257 capaces,
583 2145 755 2231 ramulis
783 2176 838 2232 ex
867 2144 1035 2260 hepatis
1063 2144 1294 2230 substantia
1322 2174 1401 2230 ceu
1428 2145 1633 2232 radiculis
1660 2147 1768 2246 orti,
1794 2148 1842 2233 iu
1864 2150 1962 2232 duc·

268 2276 354 2381 lum
384 2295 592 2411 cysticum
620 2322 718 2384 ante
745 2299 905 2385 collum
934 2297 1145 2384 vesiculae
1173 2296 1343 2399 inserti,
1386 2296 1543 2383 ostiolo
1570 2298 1780 2413 cystidem
1820 2331 1962 2385 versus

262 2468 503 2565 apostanttn
532 2474 677 2536 contra
707 2482 755 2538 ac
784 2452 827 2534 V
829 2456 1053 2566 esrhcyen
1081 2472 1126 2536 et
1150 2453 1378 2535 Biancbi
1405 2451 1686 2537 delineerunt.
1708 2503 1765 2518 --
1801 2460 1851 2536 In
1878 2483 1962 2537 una

256 2604 394 2688 vacca
424 2603 566 2718 Cystis
592 2627 760 2722 praeter
785 2627 977 2689 naturam
1005 2602 1193 2719 gemina,
1231 2633 1329 2688 cum
1357 2624 1536 2719 quatuor
1563 2603 1759 2689 ductibus
1787 2604 1961 2722 hepate

256 2751 451 2871 tyaticis.
507 2760 667 2845 Ambus
695 2757 881 2875 cystides
908 2728 1132 2844 commune
1165 2757 1394 2842 incluserat
1419 2754 1712 2882 peritonaeum
1731 2764 1783 2842 'et
1813 2757 1958 2874 adipo·

256 2908 306 2993 ab
334 2909 510 3024 sagium
537 2910 847 3028 prominentiae
876 2913 983 2996 duae
1012 2931 1135 3026 septo
1149 2904 1442 2996 interstinctae
1463 2907 1725 3023 duplicatam
1742 2910 1959 3026 'cystidem

257 3082 387 3147 extus
412 3067 671 3179 prodebant,
699 3092 876 3182 quarum
903 3066 1052 3148 dextra
1080 3083 1171 3150 erat
1198 3063 1335 3149 multo
1363 3067 1519 3173 major,
1554 3060 1723 3148 sinistra
1751 3063 1957 3181 peculiari

253 3232 306 3303 'ct
333 3216 457 3303 brevi
485 3220 615 3305 ductu
641 3217 688 3304 in
715 3216 924 3334 cysticum
952 3216 1123 3303 alterius
1151 3218 1325 3302 ductum
1352 3215 1532 3314 inserta,
1558 3216 1606 3302 in
1633 3248 1723 3332 quo·
1738 3214 1957 3302 communi

253 3368 393 3456 ductu
409 3394 588 3487 quatuor
606 3373 810 3458 ductuum
830 3367 1278 3488 hepato·cysticorum
1298 3368 1442 3452 oscula
1463 3364 1659 3471 hiabant,
1689 3396 1869 3482 quorum
1891 3365 1955 3450 in·

231 3522 407 3609 limum
443 3531 590 3638 majus.
659 3531 710 3608 In
747 3523 832 3611 alio
860 3527 1052 3638 subjecto
1089 3520 1343 3607 vestibulum
1371 3517 1495 3604 unius
1522 3523 1671 3605 ductus
1697 3519 1956 3636 hepate-cy·

257 3673 361 3762 rtici
386 3674 435 3761 in
462 3702 628 3763 saccum
654 3678 1077 3794 praeternaturalem,
1108 3673 1323 3758 avellanae
1352 3672 1524 3786 majoris
1552 3703 1751 3791 capacem
1781 3667 1955 3757 erat-di·

253 3828 459 3935 litatum,
500 3833 614 3946 quod
650 3828 828 3944 coagulo
861 3830 963 3914 bilis
990 3826 1241 3926 infarctum,
1283 3826 1394 3913 illud
1420 3828 1636 3945 pressione
1662 3825 1957 3943 petusculum

254 3983 491 4068 eructabat.
510 4033 567 4050 -
595 3986 644 4067 In
673 4013 765 4068 rene
793 3981 871 4068 Uri
898 3978 1035 4067 lobuli
1065 3995 1116 4068 33
1146 3984 1486 4070 numerabantur.
1554 3980 1732 4066 Sinister
1758 3977 1841 4061 situ
1869 3997 1959 4059 erat

253 4135 397 4222 multo
423 4134 651 4252 posterior,
693 4162 995 4250 nonnunquam
1037 4132 1266 4227 dislocatus
1294 4156 1416 4250 supra
1440 4134 1574 4221 imam
1599 4132 1765 4249 spinam
1792 4128 1954 4212 lumba⁶

253 4298 364 4376 'rem-
421 4267 628 4407 Capsulue
657 4288 961 4406 suprarenales,
989 4307 1157 4404 praeter
1183 4294 1387 4401 majores,
1415 4285 1553 4372 adhuc
1578 4281 1844 4370 accessorius.
1864 4308 1956 4396 par·

252 4468 361 4540 vae,
389 4441 736 4528 succenturiatae.
750 4492 806 4509 -
834 4443 982 4527 Pulmo
1008 4462 1185 4556 uterque
1225 4444 1329 4528 lobo
1370 4468 1524 4552 magno
1564 4434 1765 4521 inferiore
1803 4456 1847 4518 et
1885 4462 1954 4517 an·

249 4604 438 4683 morsum
466 4593 722 4695 minoribus,
751 4597 902 4681 dexter
926 4593 1085 4699 tribus,·
1126 4592 1296 4678 sinister
1321 4594 1505 4690 duobus,
1545 4587 1801 4674 anteriorem
1828 4612 1954 4698 augu-

252 4774 366 4837 stam
390 4746 579 4836 thoracia
607 4771 771 4866 partem
799 4749 1033 4864 explentes.
1092 4749 1207 4832 Vena
1234 4775 1395 4860 azyges
1421 4743 1606 4859 duplex·,·
1641 4767 1816 4855 quarum
1851 4739 1953 4822 dex·

248 4890 322 4990 ‘tta
348 4920 500 4990 tmnco
529 4930 605 4988 auo
631 4907 750 5016 juxta
779 4923 939 4994 aortam
966 4922 1010 4988 et
1038 4902 1212 4987 ductum
1245 4895 1510 4985 thoraoicum
1545 4891 1781 4982 descendit.
1839 4893 1955 4978 Van
