4410 5910
1022 375 1178 448 ³²²
1879 369 1996 482 ⁶7.

252 578 476 669 macilenti
513 553 711 664 evadunt.
783 581 895 663 Toto
914 578 1083 692 jejunii
1117 602 1310 697 tempore
1335 577 1556 674 interanea
1581 613 1738 682 vacua„
1778 606 1945 702 praeter

254 762 476 848 spumeum
518 729 720 847 chymum
759 729 806 815 in
846 727 1078 836 intestinis,
1125 731 1173 818 in
1196 746 1322 821 recto
1362 759 1631 823 excrementa
1671 734 1944 823 durissimae

252 885 376 970 foece
404 882 626 1000 superstite
653 904 970 987 coacervantur,
1009 914 1117 999 quae
1157 916 1299 972 ursum
1338 915 1437 972 vere
1477 911 1696 976 venatores
1736 891 1945 991 affirmant

252 1064 381 1152 saepe
409 1035 610 1151 sanguine
638 1034 773 1121 mixta
800 1059 966 1131 etcum
994 1037 1177 1127 clamore
1197 1069 1448 1145 excernere,
1475 1062 1596 1127 tanto
1609 1039 1724 1145 nisu,
1752 1062 1800 1126 ut
1811 1040 1944 1137 etiam

255 1190 450 1275 arborem
476 1189 715 1305 amplexam
743 1210 887 1282 teneat
913 1211 958 1273 et
983 1189 1192 1309 unguibus
1231 1192 1408 1291 lacerem
1450 1199 1567 1307 cujus
1593 1189 1707 1278 circa
1734 1191 1942 1306 hyberna·

250 1341 373 1444 cula,
415 1370 521 1455 quae
562 1340 787 1455 quotannis
826 1340 1002 1458 repetit,
1041 1343 1270 1459 pleraeque
1312 1347 1478 1430 arbores
1519 1346 1702 1450 laesae,
1735 1343 1945 1460 ramisque

248 1490 523 1582 inferioribus
551 1491 776 1579 confractis
802 1493 1045 1581 testimonia
1072 1496 1226 1587 ferunt.
1281 1501 1533 1584 Stellarus
1572 1485 1772 1583 affirmat
1795 1525 1840 1581 se
1880 1525 1946 1583 ca-

250 1675 357 1731 num
384 1644 569 1733 adinstar
609 1645 723 1731 coire
763 1676 878 1731 ursos
918 1646 1073 1735 vidisse
1099 1646 1146 1733 in
1174 1647 1488 1753 Carutschatca,
1533 1677 1612 1734 nec
1651 1679 1837 1763 unquam
1863 1645 1943 1760 ibi,

251 1797 361 1884 licet
386 1796 704 1884 familiarissimi
730 1798 836 1903 ursi,
866 1799 1053 1885 auditam
1079 1799 1144 1885 ibi
1173 1801 1377 1903 fabulam,
1407 1805 1460 1886 de
1488 1823 1631 1914 stupro
1659 1803 1711 1885 ab
1739 1798 1827 1885 illis
1849 1799 1942 1883 foe·
2023 1890 2026 1898 Δ

250 1951 397 2037 minae
423 1951 557 2035 illato.
615 1951 726 2067 Equi
754 1975 799 2058 et
825 1981 999 2055 vaccae,
1029 1955 1181 2039 eodem
1207 1954 1441 2064 referente,
1483 1953 1529 2040 in
1555 1949 1853 2063 Camtschatca
1879 1981 1945 2062 ur·

252 2134 347 2191 sum
373 2134 460 2188 non
486 2084 668 2208 timent,
702 2102 792 2189 imo
831 2104 1063 2218 fugientem
1100 2104 1244 2221 potius
1284 2103 1577 2221 insequuntur3
1619 2127 1673 2191 et
1701 2103 1748 2188 in
1779 2100 1945 2207 Sibiria

251 2254 528 2351 animosiores
554 2285 685 2373 equos
711 2255 757 2343 in
784 2286 926 2369 ursum
951 2288 1070 2342 ruere
1110 2280 1155 2343 et
1195 2255 1345 2343 auticis
1386 2287 1484 2344 eum
1524 2255 1692 2372 ungulis
1736 2252 1943 2343 occidisse

251 2404 345 2523 ipse
372 2406 477 2492 vidi.
499 2457 555 2478 -
595 2413 662 2493 De
689 2409 808 2502 nullo
836 2406 1011 2494 animali
1049 2432 1116 2496 tot
1155 2411 1267 2526 apud
1307 2411 1454 2525 vulgus
1493 2410 1680 2518 fabulae,
1724 2439 1853 2525 quam
1883 2407 1946 2514 „tle

253 2589 364 2646 urso.
434 2559 631 2648 Ethnicis
662 2560 916 2677 praesertim
955 2593 1034 2678 pro
1073 2568 1204 2676 justo,
1247 2583 1292 2646 et
1332 2560 1545 2671 mendacii
1585 2562 1722 2669 ultore
1749 2559 1943 2671 haletin,
2004 2635 2006 2639 ,

247 2715 369 2799 unde
396 2712 706 2810 sanctissimum
730 2713 820 2799 illis
854 2718 1134 2826 juramentum
1174 2716 1366 2799 admorsa
1400 2715 1514 2832 pelle
1543 2713 1694 2800 ursina
1734 2736 1944 2800 exactum.

252 2863 393 2952 lacuti
432 2866 672 2952 fabulantur
711 2863 867 2980 hyeme
909 2868 1135 2959 cubantem
1168 2898 1313 2952 ursum
1335 2866 1479 2964 omnia
1505 2866 1670 2996 eminus
1697 2865 1946 2971 auscultare,

254 3014 439 3132 ideoque
465 3016 771 3123 conmmeliose
797 3041 899 3104 tunc
926 3020 980 3104 de
1008 3047 1060 3103 eo
1087 3018 1206 3133 loqui
1233 3018 1386 3109 timent
1393 3056 1404 3122 ;
1447 3041 1594 3121 contra
1632 3040 1788 3105 aestate
1809 3015 1947 3130 ,gulae

254 3169 416 3286 potiris,
459 3198 584 3284 quam
623 3170 760 3257 famae
783 3171 1029 3267 studiosum
1056 3200 1159 3257 esse.
1229 3178 1280 3256 In
1308 3171 1512 3258 circulum
1529 3201 1754 3285 nunquam
1779 3194 1947 3277 currere

251 3320 435 3420 dicitur,
475 3322 550 3407 sed
588 3321 857 3430 semicirculo
896 3325 1009 3408 facto
1050 3322 1201 3409 redire.
1271 3322 1412 3408 Variis
1439 3320 1703 3424 occiduntur
1735 3318 1876 3405 modis
1903 3336 1947 3401 et

257 3472 483 3589 decipulis.
547 3471 788 3579 Baschkiri,
808 3473 1086 3561 ¹Uralensium
1114 3473 1322 3564 montium
1348 3473 1534 3575 incolae,
1576 3501 1754 3587 quorum
1782 3468 1946 3572 mellifi-

255 3625 326 3710 cia
352 3625 399 3712 in
427 3623 524 3710 altis
549 3623 655 3710 licet
694 3625 973 3744 pinastrorum
993 3694 994 3699 Ν
1014 3625 1172 3711 truncis
1200 3624 1414 3730 excavatis
1430 3656 1517 3742 ‚per
1543 3625 1681 3738 sylvas
1709 3653 1849 3738 sparsa
1876 3622 1945 3705 de·

255 3777 513 3895 populantur
556 3776 670 3883 ursi,
726 3777 912 3865 maxime
952 3776 1107 3863 infensi
1146 3801 1192 3866 et
1221 3775 1440 3891 ‘ingeniosi
1480 3777 1526 3863 in
1562 3784 1655 3892 ‘ejus
1689 3771 1944 3890 perniciem.

255 3926 565 4021 Orientaliores
591 3929 741 4044 populi
762 3929 813 4031 in
839 3951 1075 4031 transcursu
1108 3930 1309 4046 sclopetis
1338 3915 1413 4056 vel,
1428 3919 1833 4044 sagittis'oecidunu
1860 3924 1974 4028 inu?¹

255 4078 483 4197 agilissimi
508 4103 553 4177 et
588 4079 856 4167 audacissimi
896 4104 1135 4186 venatores,
1169 4080 1424 4197 praesertim
1462 4079 1663 4195 Tungusi,
1706 4075 1947 4185 lacessitum

260 4231 451 4320 cominus
491 4263 633 4317 ursum
677 4231 860 4347 pugione
902 4233 1165 4335 adoriuntur,
1206 4255 1407 4346 tantaque
1448 4230 1665 4335 celeritate
1694 4225 1947 4334 ‘circumsal-

259 4404 397 4469 tantes
424 4412 448 4467 e
475 4385 606 4470 latere
634 4384 757 4469 illum
785 4384 1052 4489 confodiunt,
1094 4406 1142 4469 ut
1176 4415 1267 4469 raro
1295 4386 1502 4498 effugere,
1548 4383 1699 4467 illosve
1727 4380 1946 4462 vulnerare

259 4556 403 4650 queat.
457 4535 551 4621 Alii
576 4534 958 4653 hastiseanipiunt
973 4539 1098 4625 nodo
1113 4537 1260 4624 {ferreo
1282 4537 1396 4628 infra
1409 4535 1641 4649 cuspidem
1665 4526 1864 4629 munins,
1893 4553 1947 4608 1¹⁶

260 4683 426 4772 irruens
452 4719 586 4791 ursus,
617 4708 674 4774 et
690 4690 881 4777 fertore
899 4721 981 4781 sus
1008 4713 1156 4805 sponte
1186 4689 1390 4792 induens„
1421 4707 1673 4777 venatorem
1694 4676 1852 4797 „punis
1868 4679 1949 4769 ad·
1970 4665 1988 4744 '.

263 4835 432 4952 magere
459 4840 601 4956 possit.
671 4842 989 4938 canecnadali
1030 4841 1122 4937 viso
1155 4873 1251 4931 urso
1272 4843 1459 4932 cubante
1486 4858 1624 4949 vestes
1640 4832 1853 4952 ,pellaeas
1867 4831 1950 4922 ab·

1066 5004 1072 5011 '
1579 4999 1603 5046 ὕ
