4410 5910
906 400 909 408 ,
1025 411 1193 484 a,
1890 434 1971 517 μ’
2100 451 2102 458 k

247 635 359 746 lata)
416 632 610 717 Mensura
637 625 832 715 animalis
860 660 883 715 a
910 648 1012 714 naso
1041 628 1095 714 ad
1122 623 1247 722 auum
1275 643 1325 718 δ’.
1348 644 1409 720 δ”.
1432 667 1469 720 ο.
1499 633 1656 720 caudae
1685 644 1746 745 γ’.
1765 643 1835 721 am.
1851 666 1950 725 cum

250 788 346 905 pilo
374 788 434 873 δ”.
464 790 627 900 Hyeme
654 803 792 867 totum
820 811 970 896 corpus
998 779 1125 897 adipe
1154 783 1367 881 albissima
1395 788 1673 873 incrustatum
1699 817 1788 872 esse
1823 789 1947 892 solet,

254 973 280 1026 a
301 942 360 1041 αἶ’.
382 940 437 1023 ad
460 934 546 1020 ‘10⁰'
585 965 738 1041 crassa,
780 933 912 1021 etiam
953 933 1066 1021 circa
1106 934 1269 1057 viscera
1293 927 1563 1028 abundante.
1621 943 1860 1027 claviculae
1900 939 1947 1026 in

252 1089 454 1177 musculis
480 1085 659 1174 haerent
685 1086 785 1173 satis
811 1086 1021 1202 insignes,
1063 1111 1256 1174 arcuatae
1303 1088 1354 1174 θ’.
1403 1095 1482 1176 som
1523 1092 1699 1204 longae,
1734 1089 1945 1195 humerali

252 1249 381 1363 plana
409 1242 683 1329 extremitate
708 1242 762 1325 ad
791 1242 848 1324 2‘'‘
873 1241 999 1344 latae,
1040 1261 1088 1324 ut
1113 1240 1270 1326 mirum
1296 1241 1351 1328 sit
1376 1240 1588 1358 prioribus
1618 1242 1835 1330 Zoototuis
1861 1274 1947 1331 non

252 1394 487 1520 ianotuisse
514 1393 818 1480 claviculamm
844 1393 891 1480 in
916 1390 1018 1478 feris
1044 1391 1276 1479 camivoris
1305 1376 1604 1479 rudiusentum.
1675 1398 1857 1483 Molares
1884 1425 1948 1479 su-

252 1545 432 1666 perioris
459 1545 660 1634 maxillae
686 1545 884 1662 utrinque
914 1579 952 1652 a,
979 1542 1202 1631 inferiores
1229 1567 1334 1652 tres,
1365 1537 1598 1641 accesserio
1625 1576 1776 1647 nempe
1805 1547 1948 1638 antico

251 1699 381 1816 paulo
408 1697 587 1786 minore.

388 2013 433 2096 N
438 2032 502 2098 ot.
558 2018 608 2096 In
635 2039 745 2128 pago
779 2009 962 2126 uolgari,
991 2011 1101 2096 infra
1129 2009 1352 2100 Casaniam
1379 2013 1434 2095 ad
1459 2012 1643 2126 Volgum
1668 2009 1771 2112 sito,
1799 2010 1945 2102 oblata

254 2161 363 2252 mihi
390 2164 474 2248 fuit
500 2169 618 2280 pellis
645 2163 853 2278 Lyncisa
892 2163 1058 2249 rusticis
1091 2163 1138 2248 in
1178 2163 1306 2249 vastis
1347 2169 1436 2274 ejus
1475 2161 1660 2278 regionis
1700 2160 2006 2278 pinastretie'

254 2315 432 2420 occisae,
463 2314 637 2418 aestivo,
662 2337 711 2400 ut
722 2315 904 2416 videtur,
930 2317 1103 2421 vellere,
1132 2315 1268 2432 qualis
1294 2337 1443 2432 postea
1470 2315 1684 2431 nuspiam,
1713 2343 1854 2429 neque
1879 2313 1955 2430 ips

254 2499 344 2554 sum
371 2467 477 2554 alibi
505 2468 663 2554 animal
690 2468 881 2555 oblatum
907 2490 986 2553 est.
1041 2473 1142 2553 Erat
1180 2466 1288 2553 haee
1314 2490 1405 2554 tota
1431 2467 1615 2584 pallide·
1629 2464 1792 2554 cervini
1818 2494 1851 2549 s.
1880 2463 1943 2550 di·
1971 2499 1972 2503 ¹

251 2597 515 2749 'ltus-grysei
542 2620 708 2726 coloris,
736 2619 1020 2724 immaculata,
1050 2622 1194 2706 subtus
1222 2641 1267 2702 et
1291 2651 1368 2737 per
1389 2642 1500 2704 artus
1519 2618 1835 2720 inteme·alba;
1859 2621 1941 2704 val-

252 2781 314 2860 lus
342 2775 485 2876 laeve,
527 2774 678 2874 molle;
717 2773 959 2888 magnitudo
987 2770 1273 2878 ,maximarum
1306 2771 1463 2887 Lyncis
1501 2770 1692 2889 pellium.
1762 2771 1941 2857 Aurium

256 2924 460 3041 penicilli‚
488 2950 535 3011 ut
560 2925 606 3012 in
633 2895 797 3042 Lynce3
840 2925 976 3011 cauda
1002 2923 1109 3010 item
1134 2925 1287 3034 brevis,
1323 2926 1399 3011 sed
1438 2923 1559 3042 apice
1600 2923 1814 3021 concolor.
1868 2928 1941 3011 An

256 3076 396 3194 specie
424 3077 670 3168 distinctum
696 3078 883 3167 animal?
