4410 5910
1015 361 1163 399 ·“·’·“
1853 364 1945 451 28⁷

255 570 396 656 cibum
427 562 702 670 adhibentur,
739 566 899 655 etenim
926 570 1130 685 pinguedo
1157 568 1291 655 instar
1316 570 1518 657 Mercurii
1545 600 1624 687 per
1648 571 1851 660 intestina
1879 581 1941 663 lu·

254 722 318 835 git
345 744 390 806 et
418 717 660 805 diarrhoeas
688 721 888 835 pessimas
917 743 1086 823 causat„
1119 728 1176 835 (*)
1206 725 1316 808 unde
1354 746 1518 810 tantum
1557 756 1634 841 pro
1676 726 1941 842 lampadibus

255 871 445 957 inservit.
504 877 592 982 (An
622 876 814 983 Physeter
842 878 1064 990 micropsi)

408 1028 483 1107 2⁸³.
526 1008 689 1140 Species¹
728 1025 938 1149 Canagice
982 1026 1210 1111 Tschiedulr
1254 1014 1493 1142 appellata,
1545 1028 1697 1111 decem
1738 1031 1934 1143 orgyalis.

253 1179 406 1261 Dentes
432 1174 500 1258 illi
523 1174 721 1259 dicuntur
741 1205 829 1260 esse
856 1180 939 1261 duo
960 1210 1082 1294 supra
1103 1200 1148 1261 et
1174 1177 1356 1262 totidem
1380 1161 1494 1261 infra
1523 1181 1576 1262 ad
1606 1178 1822 1264 dodrantis
1849 1181 1939 1266 lon-

254 1325 504 1442 gitudinem.
573 1310 783 1440 Pinguedo
818 1328 971 1413 itidem
1010 1328 1159 1428 noxia,
1200 1359 1280 1413 nec
1316 1327 1416 1413 ideo
1445 1326 1499 1412 'in
1528 1328 1672 1415 cibum
1700 1328 1940 1419 adhibetur.

253 1482 338 1566 Sed
366 1510 444 1563 nec
473 1509 587 1581 osso,
625 1510 761 1595 neque
788 1477 867 1596 pro
895 1478 1076 1565 lucernis
1105 1489 1295 1566 intestina
1322 1479 1530 1565 serviunt:

392 1633 473 1716 3¹³².
501 1633 664 1746 Species
699 1633 911 1747 Canagice
948 1634 1183 1748 appellatur
1230 1633 1666 1747 Tschumtscirugogolr
1708 1658 1753 1719 et
1794 1639 1847 1719 ad
1895 1673 1939 1722 12

250 1753 325 1868 'rel
353 1782 462 1866 ultra
490 1784 609 1868 ulnas
639 1783 861 1881 adolescit,
903 1785 1130 1867 admodum
1157 1781 1346 1898 pinguis,
1389 1805 1436 1866 ut
1470 1784 1621 1869 lerunt.
1694 1789 1847 1872 Dentes
1874 1787 1942 1872 illi

253 1933 395 2019 antico
425 1965 546 2050 supra
574 1933 765 2050 infraque
794 1934 1012 2050 quaterni,
1048 1932 1341 2049 tripollicares.
1399 1934 1508 2019 Ossa
1536 1965 1612 2051 pro
1640 1966 1715 2022 usu
1742 1940 1940 2024 domesti-
2078 1987 2081 1993 ·

251 2115 305 2172 co
335 2086 508 2202 optima.

480 2287 605 2390 147.
693 2271 1156 2364 PHYSETER.
1244 2276 1715 2393 macrocepholus.

394 2441 439 2519 P.
468 2437 592 2519 dorso
619 2433 822 2550 impinni,
850 2438 1048 2551 gibbulo,
1085 2437 1221 2523 fistula
1248 2437 1294 2521 in
1321 2436 1503 2523 cervice.

474 2587 580 2672 Cere
610 2586 882 2687 admirabile,
911 2594 1023 2677 Clus.
1051 2613 1162 2677 exot.
1192 2624 1233 2699 p.
1268 2604 1357 2676 131.
1400 2592 1534 2674 Klein.
1563 2597 1674 2675 misr.
1703 2594 1758 2676 Π.
1802 2624 1844 2706 p.
1880 2608 1940 2696 ¹4·

471 2740 676 2838 Balaena,
709 2741 929 2855 Willuglzb.
960 2747 1086 2826 trith.
1113 2745 1200 2829 tab.
1228 2744 1271 2826 A
1291 2777 1325 2825 ι.
1343 2747 1432 2855 fig.
1461 2757 1503 2829 3.

472 2887 678 3005 Physeter
717 2891 1084 3009 macrocephalus,
1124 2899 1216 2980 Lin.
1257 2914 1364 3007 sysr.
1400 2897 1497 2977 XII.
1525 2897 1560 2977 I.
1603 2927 1645 3008 p.
1675 2928 1768 3005 ²27·
1809 2926 1873 3011 sp.
1903 2931 1942 2983 2.

528 3044 733 3131 Schreber.
762 3054 973 3132 mommol.
1002 3032 1108 3131 icon.

365 3192 508 3280 Rossis
537 3194 663 3280 maris
692 3195 848 3279 accolis
873 3198 1037 3284 Plerurin
1066 3200 1293 3313 (sputator)
1321 3196 1392 3279 vel
1425 3194 1544 3279 Wolls
1570 3197 1749 3278 morslroi
1783 3200 1943 3311 (Lupus

418 3344 636 3455 marinus.)
695 3343 1029 3433 Camtschadalis
1061 3351 1290 3460 Tschiigat.

390 3497 560 3585 Dicitur
585 3497 632 3582 in
661 3499 835 3584 Oceano
863 3498 1021 3586 arctico
1055 3503 1281 3586 admodum
1308 3524 1397 3583 esse
1425 3498 1622 3612 frequens
1650 3519 1696 3582 et
1720 3499 1869 3583 crebro
1896 3497 1944 3583 in

251 3654 398 3741 littora
440 3648 598 3737 mortui
632 3650 913 3764 expelluntur.
984 3649 1204 3766 Pinguedo
1240 3653 1293 3734 ad
1320 3649 1536 3766 lampadas
1563 3647 1703 3754 utilis,
1744 3679 1944 3764 purgans,

248 3803 456 3891 mercurii
483 3803 615 3888 instar
639 3802 841 3889 intestina
873 3831 1138 3919 percurrere,
1180 3831 1277 3888 caro
1302 3823 1448 3887 tamen
1474 3801 1661 3887 tenerior
1687 3824 1733 3885 et
1757 3800 1945 3916 saprdior

249 3956 430 4072 reliquis
456 3955 645 4044 balaenis
673 3986 761 4043 esse
789 3956 981 4042 traditur.
1051 3952 1355 4043 voracissimus
1395 3952 1558 4040 Phocus
1596 3951 1844 4069 praesertim
1871 3979 1941 4041 ve

240 4130 398 4208 matur,
439 4140 613 4224 quarum
640 4108 822 4228 pellibus
855 4107 1137 4226 semidigestis
1165 4107 1291 4221 vulgo
1319 4107 1541 4192 efferatum
1567 4099 1853 4191 ventriculum
1880 4129 1943 4191 re·

248 4259 387 4377 periri
414 4261 576 4349 dicunt.

327 4575 387 4670 (⁴¹)
412 4572 469 4647 M.
496 4573 542 4649 M
551 4578 657 4647 artie
682 4583 781 4650 deser.
808 4581 848 4663 of
864 4581 917 4651 the
941 4593 1085 4649 western
1110 4578 1225 4649 islondr
1250 4575 1289 4659 os
1305 4573 1457 4646 Scotland
1481 4562 1601 4677 (laid.
1630 4569 1744 4655 1716.
1762 4569 1849 4659 too)
1873 4585 1942 4658 per

403 4697 508 4766 hibet
546 4706 700 4792 majores
738 4709 882 4772 tanturn
920 4700 1092 4770 balaenas
1130 4720 1303 4791 purgare,
1351 4701 1508 4792 juniores
1548 4699 1726 4787 optimum
1764 4689 1941 4813 praebere

405 4818 628 4891 elimentum.
676 4860 681 4867 ·
