4410 5910
1027 329 1180 402 m
1868 329 1962 428 561'

403 536 640 637 Columbae
653 566 910 665 spontaneae
930 543 977 632 in
1006 546 1265 632 australibus.
1277 546 1498 632 universae
1518 548 1691 634 Rossia'e
1712 545 1958 664 campestris

249 699 470 784 'immensa
497 700 623 815 copia
647 702 823 796 dantur,
852 698 1099 814 praesertim
1126 700 1367 813 frequentes
1396 700 1508 785 circa
1536 707 1722 803 Tanain,
1759 699 1954 812 Volgum,

262 849 534 965 Rhymnum,
577 854 703 935 etad
732 852 979 939 Caucasum.
1036 851 1254 935 Advolant
1290 850 1448 934 Martio
1474 850 1522 934 in
1550 850 1605 935 iis
1632 850 1738 936 locis
1766 847 1842 935 ubi
1869 878 1956 933 non

244 998 526 1117 hybernum,
556 1024 601 1087 et
629 1000 753 1087 nidos
780 1002 827 1086 in
853 1000 1038 1116 riparum
1065 999 1318 1114 rupestrium
1346 1002 1610 1117 praeruptis,
1650 999 1952 1108 cavernisque,

258 1175 304 1238 et
329 1151 377 1238 iu
404 1151 589 1237 turribus
617 1181 820 1270 pagorum
846 1156 1063 1251 condunt,
1118 1151 1337 1237 turmatim
1365 1155 1419 1237 ad
1444 1176 1611 1268 pastum
1638 1151 1685 1236 in
1713 1181 1883 1267 campos
1911 1172 1957 1234 at

261 1333 380 1420 agros
409 1302 650 1416 migrantes.
708 1308 780 1391 Ad
806 1305 1068 1390 Podkumam
1084 1307 1125 1388 fl.
1155 1302 1201 1387 in
1224 1302 1512 1418 promontorio
1541 1303 1736 1391 calcareo
1765 1301 1956 1407 Caucasi,

259 1458 315 1542 ad
340 1452 597 1540 Metschuka
626 1479 840 1560 montem,
875 1479 940 1540 est
968 1457 1137 1569 abyssus
1165 1455 1390 1539 multarum
1420 1484 1644 1570 orgyarum
1670 1452 1959 1570 profunditate

258 1629 305 1693 et
332 1605 638 1723 amplitudine,
691 1605 877 1694 thermas
913 1608 1071 1694 calidas
1099 1607 1145 1691 in
1173 1609 1304 1690 fundo
1335 1604 1519 1709 habens,
1566 1605 1677 1690 intra
1705 1635 1834 1721 quem
1875 1607 1956 1728 Co·

258 1759 428 1844 lumbae
471 1762 524 1842 ad
566 1759 718 1844 multas
759 1759 967 1845 centurias
1009 1758 1265 1857 nidificant,
1323 1780 1367 1842 et
1393 1757 1553 1871 injecto
1597 1755 1741 1872 lapide
1782 1788 1836 1842 ex
1862 1779 1956 1842 toto

260 1912 437 2025 abysso,
496 1940 593 1994 cum
633 1913 794 2023 fragore
835 1914 923 1995 fere
963 1910 1148 2015 tonitru,
1210 1907 1420 2024 spiraliter
1464 1908 1512 1995 iu
1549 1924 1647 1995 aera
1681 1911 1954 1997 adscendunt.

252 2066 476 2146 *Autumno
505 2063 529 2144 'e
558 2061 709 2146 Roscia
749 2061 980 2146 numerosis
1022 2060 1278 2145 exercitibus
1319 2084 1596 2175 congregatae
1636 2066 1679 2171 (ε
1703 2062 1815 2147 inter
1850 2090 1951 2174 quas

257 2244 345 2300 non
371 2241 462 2296 raro
491 2212 610 2296 albae
639 2236 684 2298 et
722 2213 819 2298 albo
860 2213 1001 2297 variae
1041 2209 1356 2327 conspiciuntur
1371 2220 1411 2322 ε)
1462 2213 1508 2297 in
1536 2211 1741 2299 calidiora
1783 2212 1950 2298 Persiae

261 2367 442 2486 abeunt,
471 2365 785 2451 remanentibus
812 2395 891 2480 per
916 2361 1118 2479 hyemem
1145 2365 1291 2481 paucis
1318 2363 1431 2451 circu
1457 2395 1610 2480 pagos,
1648 2364 1768 2480 quasi
1801 2386 1953 2480 sponte

260 2514 528 2614 domesticis,
584 2518 776 2629 quamvis
803 2547 930 2605 nemo
958 2519 1072 2603 colat
1099 2519 1168 2603 vel
1197 2540 1341 2617 curet;
1397 2519 1473 2603 sed
1509 2517 1707 2605 occidere
1735 2517 1853 2605 nefas
1879 2512 1952 2598 ha·

258 2670 387 2772 bent,
418 2666 603 2753 maxime
630 2669 786 2754 Tatari.
820 2716 869 2738 -·
926 2672 999 2756 Ad
1024 2670 1127 2755 lrtin
1153 2691 1201 2754 et
1227 2668 1342 2755 circa
1368 2694 1534 2757 montes
1563 2671 1750 2759 Alta'r'cos
1775 2666 1952 2761 rariores

257 2843 383 2924 sunt,
417 2842 461 2904 et
487 2819 533 2903 in
560 2819 762 2905 ulteriore
792 2821 971 2924 Sibiria,
1002 2824 1055 2905 ad
1083 2821 1300 2906 Ba'r'calem
1326 2851 1483 2934 usque,
1513 2821 1624 2906 mihi
1651 2824 1796 2909 nullae
1819 2842 1951 2934 appa·
1983 2851 1986 2858 ·

255 2993 455 3073 ruerunt,
511 2970 595 3054 nisi
621 2972 778 3084 passim
807 2973 920 3058 circa
959 2970 1236 3057 eeclesiarum
1277 2994 1410 3055 turres
1439 2970 1690 3069 viventes.,'.
1713 2975 1768 3057 de
1796 2971 1949 3085 quibus

254 3120 466 3208 incertum
492 3151 632 3206 annon
660 3119 745 3204 sint
773 3122 1030 3208 domesticae
1057 3121 1246 3236 originis.
1302 3127 1455 3209 Denuo
1476 3123 1522 3211 in
1558 3122 1746 3209 Dauuria
1772 3123 1947 3210 transal-

257 3271 369 3386 pina.
388 3275 573 3359 abundat
601 3277 642 3360 V
639 3281 791 3359 arietes
816 3271 845 3358 δ.
887 3298 1105 3378 constans,
1153 3302 1235 3360 nec
1261 3275 1350 3359 ulla
1376 3274 1704 3389 degeneratione
1742 3273 1951 3363 contami·

257 3444 383 3528 nata,
410 3448 456 3509 et
482 3449 592 3511 statu
620 3426 807 3511 maxime
835 3425 1018 3512 naturali
1045 3425 1151 3512 colit
1176 3422 1384 3542 rupestria
1409 3451 1635 3544 praerupta
1661 3430 1950 3522 desertorum,

250 3575 526 3692 ,pasciturque
556 3576 786 3663 seminibus
813 3580 1159 3693 Astragalorum,
1188 3576 1403 3694 Sophorae
1431 3578 1689 3695 lupinoidis,
1719 3579 1809 3665 imo
1821 3599 1953 3670 aesta·

256 3745 304 3809 te
329 3731 591 3840 Euphorbiaa
619 3734 835 3840 cujusdam
862 3738 925 3843 (·).
961 3735 1239 3818 macrorbizae
1265 3729 1330 3814 ibi
1358 3730 1582 3846 copiosae,
1623 3760 1731 3844 quae
1774 3731 1879 3816 licet
1907 3761 1948 3826 a,-

256 3875 369 3982 cria,
406 3882 512 3966 adeo
542 3880 666 3965 avide
695 3884 746 3966 ab
780 3911 830 3966 ea
857 3885 1076 3998 leguntur,
1118 3905 1166 3967 ut
1192 3880 1267 3969 vix
1295 3905 1455 3967 matura
1467 3944 1481 3982 ,
1521 3881 1665 3969 omnia
1693 3881 1781 3968 cito
1809 3882 1952 3996 dispas·

256 4030 444 4130 ruerint,
486 4030 679 4145 mihique
708 4063 762 4118 ex
792 4033 1025 4119 occisarum
1054 4035 1355 4123 Columbarum
1395 4032 1587 4149 ingluvie
1615 4063 1693 4148 pro
1722 4031 1949 4118 seminario

256 4184 443 4296 petenda
466 4183 634 4273 fuerint.
694 4197 734 4300 (ε
764 4188 1131 4298 Quemadmodum
1170 4188 1363 4272 ardentes
1401 4185 1689 4300 Thymelaeae
1731 4187 1880 4271 baccas
1913 4214 1945 4273 s.

256 4360 434 4417 coccum
469 4335 664 4446 gnidium
693 4371 717 4423 a
759 4338 1004 4423 Perdicibus
1030 4361 1074 4422 et
1112 4336 1293 4422 aviculis
1322 4335 1412 4420 sine
1439 4367 1551 4421 noxa
1579 4334 1774 4440 comedi,
1819 4339 1946 4424 ctu·

255 4491 347 4571 siu
361 4515 385 4565 s·
409 4485 649 4590 observavit
663 4523 673 4571 ε
688 4498 722 4602 ).
779 4497 893 4575 Haec
920 4487 1116 4603 rupestris
1144 4486 1352 4581 varietas,
1394 4519 1493 4576 cum
1518 4495 1725 4595 Turture,
1766 4487 1813 4574 in
1841 4486 1947 4606 apri·

253 4711 258 4719 Ι
308 4735 365 4832 (’)
387 4735 473 4812 Flor.
500 4739 615 4813 sibiric.
643 4744 713 4813 vol.
739 4735 791 4814 ff.
816 4762 851 4838 p.
878 4762 963 4838 229.
989 4742 1056 4815 rab.
1082 4739 1142 4838 95.
1166 4741 1232 4834 fig.
1256 4764 1287 4821 ι.
