4410 5910
1009 391 1164 452 ε·
1477 459 1478 463 ¹
1518 463 1520 468 .
1837 379 1932 495 trs

247 587 497 708 praesertim
524 586 774 689 anteriores,
803 583 927 675 altius
953 587 1148 708 erigitur,
1185 614 1231 680 et
1258 585 1397 709 spinas
1426 589 1608 679 strictim
1648 593 1773 679 dorso
1801 589 1937 706 appli-

249 763 339 841 cat,
380 773 465 858 quo
500 739 653 830 babitu
685 740 810 828 icone
837 740 912 827 hic
939 745 1102 858 adjecta
1129 775 1346 860 expressus
1374 767 1451 830 est.
1520 751 1720 832 Rostrum
1746 767 1791 830 et
1816 771 1939 830 naret

252 893 453 981 continuo
481 893 665 981 motitat.
720 895 910 982 Odorem
935 896 1093 1011 spargit
1121 895 1439 983 ambrosianum.
1496 895 1672 1013 Copiosi
1691 892 1940 1012 praesertim

252 1046 299 1130 in
327 1045 551 1152 ruderatis,
588 1068 633 1130 et
659 1044 964 1133 Astrachaniae
990 1047 1039 1133 in
1066 1048 1213 1133 insulis
1239 1050 1423 1164 Volgae,
1465 1048 1579 1136 circa
1606 1046 1765 1134 hortos.
1835 1045 1939 1131 Avi-

250 1197 416 1283 dissimi
444 1220 539 1282 sunt
567 1220 829 1314 serpentum,
873 1230 976 1314 quos
1017 1201 1150 1286 cauda
1186 1199 1469 1316 apprehensos
1504 1199 1616 1286 intra
1644 1201 1939 1314 conglobatam

252 1350 466 1466 spinosam
493 1382 609 1434 suam
635 1350 892 1438 testudinem
919 1374 1138 1451 attractos,
1174 1351 1294 1438 vivos
1331 1354 1485 1439 rodunt
1521 1357 1575 1438 ad
1603 1351 1940 1438 internecionem

253 1531 399 1617 usque.
456 1499 604 1588 Medio
630 1500 747 1630 Junii
772 1527 926 1589 matres
955 1535 1051 1589 cum
1079 1504 1227 1589 catulis
1256 1503 1397 1619 quinis
1425 1505 1494 1590 vel
1522 1504 1632 1589 senis
1660 1502 1830 1606 inveni,
1865 1501 1942 1618 qui
2044 1527 2048 1540 ·

252 1676 355 1739 tunc
383 1677 502 1739 erant
529 1653 669 1754 coeci,
709 1652 814 1741 licet
853 1659 1040 1772 pondere
1080 1663 1164 1770 jam
1203 1655 1430 1761 biunciali,
1474 1657 1740 1773 longitudine
1783 1653 1940 1770 apoll.

251 1803 383 1892 elin.
420 1808 563 1891 subtus
590 1805 716 1911 nudi,
758 1810 1020 1923 gemebunda
1056 1837 1161 1894 voce
1195 1807 1327 1893 instar
1366 1807 1540 1893 neonsti
1582 1783 1713 1891 catuli
1741 1799 1940 1919 velsori-

251 1956 329 2042 cis.
384 1957 574 2045 Juniores
602 1957 900 2073 elegantiores,
930 1956 1062 2074 spinis
1091 1957 1388 2059 albidioribus,
1416 1962 1533 2056 lusco
1563 1957 1809 2073 variegatis,
1847 1956 1940 2041 sub·

251 2132 320 2193 tus
348 2111 506 2196 vellere
536 2111 633 2196 albo
662 2107 771 2227 puri.
841 2109 1036 2197 Seniores
1075 2134 1121 2197 et
1161 2117 1337 2225 majores
1378 2110 1583 2228 nigriores
1613 2114 1739 2216 fiunt,
1780 2105 1940 2218 uellere

249 2262 368 2348 buco
382 2310 396 2327 ·
409 2261 644 2380 inquinato.

385 2474 430 2557 N
437 2495 538 2560 oto.
595 2476 666 2559 Ad
693 2472 800 2558 Irtin
829 2472 1004 2559 fluvium
1032 2482 1209 2589 majores
1236 2472 1414 2590 caspieis
1435 2472 1588 2559 libram
1608 2471 1820 2558 medicam
1841 2495 1942 2596 eunt

250 2623 385 2711 tribus
413 2626 483 2712 vel
510 2643 538 2732 4
563 2625 702 2712 unciis
729 2649 975 2742 aequantes,
1016 2627 1283 2743 longitudine
1312 2659 1337 2736 7
1365 2625 1470 2743 poll.
1499 2649 1594 2712 cum
1623 2620 1845 2721 dimidios
1866 2621 1942 2707 sed
2066 2653 2069 2660 ¹

249 2777 432 2863 maximi
458 2777 505 2863 in
533 2779 707 2894 regione
733 2779 1099 2879 transbsicalensi,
1131 2776 1207 2864 ubi
1234 2784 1283 2863 E.
1312 2807 1566 2893 europaeum
1591 2774 1718 2860 facile
1747 2792 1941 2890 aequant,

250 2927 341 3016 imo
369 2953 587 3048 superant,
628 2932 805 3018 bilibres
820 2918 823 2922 ¹
837 2954 882 3017 et
907 2933 1037 3035 ultra,
1066 2918 1182 3016 ¹dum>
1221 2928 1380 3045 euspici
1419 2928 1573 3015 libram
1611 2942 1832 3041 nunquam
1869 2953 1942 3009 ert·

249 3081 411 3200 pleant.
467 3093 602 3169 Aures
629 3105 773 3170 tamen
800 3080 1073 3200 proportione
1100 3113 1185 3168 non
1214 3105 1373 3168 auctae.
1443 3054 1495 3166 Iri
1528 3077 1713 3164 Deurico
1741 3074 1817 3191 qui
1842 3073 1942 3161 libr.

250 3232 427 3320 russicas
457 3258 500 3329 at
534 3238 822 3351 ponderabat,
862 3233 1083 3349 longitudo
1125 3268 1150 3320 a
1190 3265 1352 3319 summo
1393 3263 1494 3318 naso
1535 3234 1588 3315 ad
1624 3259 1749 3314 anum
1776 3232 1837 3334 9'‘.
1866 3229 1941 3334 7'‘'.

253 3417 372 3472 aures
406 3394 459 3475 1⁰.
489 3393 562 3494 4⁰2
591 3389 727 3474 cauda·
757 3388 813 3472 1''.
849 3387 916 3471 1'‘.
943 3436 1001 3453 -
1041 3393 1091 3471 ln
1118 3385 1306 3504 caspico,
1348 3383 1419 3469 cui
1457 3384 1620 3500 pondus
1662 3379 1811 3476 decern
1851 3396 1942 3458 tan-

251 3560 345 3625 tum
386 3539 625 3640 unciarum,
666 3537 906 3654 longitudo·
928 3560 1018 3624 tota
1059 3542 1119 3626 δ”.
1161 3543 1232 3645 9“'.
1275 3565 1391 3622 aures
1426 3536 1480 3618 1‘'.
1509 3541 1580 3640 tm.
1624 3531 1757 3616 cauda
1782 3520 1856 3639 ‘7⁷'ss
1884 3567 1942 3592 -

252 3691 479 3777 Dauuricis
506 3693 552 3777 in
581 3722 733 3807 genere
760 3692 906 3782 vellus
924 3694 1066 3777 subtus
1093 3690 1350 3774 fuscescente
1365 3740 1380 3753 ·
1395 3687 1630 3788 cinereum,
1674 3679 1744 3768 rel
1771 3679 1943 3795 subgry·

253 3874 387 3930 teum.
458 3843 651 3930 Seniores
691 3839 979 3960 pinguissimi,
1020 3840 1232 3955 Mongolis
1260 3862 1355 3925 sunt
1380 3831 1436 3924 in,
1455 3835 1639 3922 deliciis.
1707 3825 1859 3945 Aliqui
1887 3824 1943 3910 ad

258 4009 310 4083 36
339 3995 483 4083 uncias
510 4000 698 4113 pondere
727 4012 921 4113 aequant.
988 3996 1128 4080 Mores
1155 4021 1319 4108 semper
1347 3998 1523 4104 majores
1551 4010 1595 4072 et
1623 3981 1755 4098 magis
1784 3976 1943 4064 animo·

260 4146 308 4232 ri.
366 4151 567 4236 foeminis
605 4147 792 4268 papillae
833 4145 982 4233 conico
996 4196 1011 4212 ·
1025 4167 1194 4249 acutae,
1238 4142 1547 4259 ainguinales,
1592 4158 1742 4225 nante
1783 4134 1943 4219 femora

267 4300 570 4410 tbdomiuales,
606 4279 628 4390 a
659 4299 899 4390 thoracicae
926 4328 1037 4418 pone
1064 4328 1212 4384 armos.
1317 4405 1322 4420 Ι
