4410 5910
1027 460 1173 477 m

485 666 608 757 113.
698 656 819 749 ΜΟ
848 652 894 746 Τ
925 657 963 747 Α
993 653 1035 748 C
1063 657 1145 744 IL
1173 654 1279 745 LA
1350 653 1714 773 Stropozino.

389 800 452 886 M.
481 831 603 916 supra
631 798 801 888 cinereo
816 854 829 866 ·
844 803 1075 900 rufescens,
1104 802 1246 883 subtus
1275 799 1507 884 lutescente
1521 846 1536 862 ·
1550 797 1667 899 elba,
1696 792 1827 880 fascia
1854 823 1950 879 oco·

248 944 333 1038 lari
360 951 503 1068 nigra,
543 957 682 1040 fronte
711 954 886 1067 basique
914 955 1072 1037 caudae
1102 951 1224 1036 albis.

472 1104 700 1192 Oenanthe
729 1105 859 1187 altera
887 1126 930 1187 et
958 1101 1199 1217 Strapazina
1226 1100 1512 1204 Aldrovandi,
1547 1100 1770 1214 Willughb.
1800 1104 1948 1186 omitte

528 1289 629 1369 pag.
664 1268 752 1342 168.
781 1258 971 1389 Roj3ov.
1000 1290 1041 1370 p.
1072 1264 1139 1340 eo.
1370 1354 1374 1363 Ι

472 1405 700 1493 Oenanthe
730 1406 938 1505 foemina,
963 1408 1106 1491 Albin.
1137 1437 1203 1489 ov.
1233 1405 1309 1488 lll.
1344 1402 1429 1489 tab.
1460 1417 1526 1511 54.

476 1555 702 1644 Oenanthe
731 1533 1208 1660 nitescensjedaards.
1238 1588 1304 1641 ov.
1332 1560 1367 1641 l.
1396 1557 1481 1642 tob.
1518 1571 1584 1642 δι.

470 1709 668 1794 Vitillora
696 1711 909 1794 rufescens
937 1732 981 1792 et
1007 1710 1118 1807 rufa,
1145 1712 1329 1793 Brisson.
1359 1740 1446 1793 orn.
1475 1711 1551 1792 lll.
1580 1736 1622 1823 p.
1653 1721 1751 1817 457.
1781 1708 1870 1794 tab.
1888 1722 1951 1798 25.

519 1866 607 1975 fig.
638 1880 678 1964 4.
708 1883 753 1943 et
781 1895 879 1974 pag.
909 1877 1004 1966 459.
1033 1893 1096 1969 sp.
1126 1874 1193 1968 37.

475 2018 534 2097 Le
562 2012 770 2098 Culblanc
800 2010 905 2124 gris,
935 2014 1101 2122 Buffon.
1130 2043 1216 2096 orn.
1246 2012 1287 2095 V
1284 2070 1297 2092 .
1333 2041 1374 2126 p.
1403 2027 1496 2114 244.

473 2170 626 2248 Russet
654 2160 910 2259 Wheatear,
937 2166 1129 2249 Lotham.
1157 2195 1251 2276 syn.
1278 2167 1353 2248 IV.
1379 2195 1422 2278 p.
1450 2173 1546 2265 468.
1575 2190 1615 2244 n·
1644 2175 1713 2271 75.

361 2313 505 2402 Rossis
535 2314 707 2400 nomine
736 2312 1041 2428 praecedentis.

392 2513 517 2596 Adeo
546 2508 696 2592 similis
724 2506 999 2624 praecedenti
1035 2509 1241 2607 moribus,
1282 2537 1411 2607 voce,
1452 2504 1732 2625 dispositione
1762 2510 1951 2599 colorum

140 2764 145 2791 Ι
251 2685 299 2750 et
324 2684 416 2748 tota
443 2663 572 2762 facie,
603 2685 646 2746 et
672 2660 830 2776 ubique
857 2690 955 2745 cunr
984 2664 1155 2761 eadem,
1184 2660 1372 2747 maxime
1398 2659 1443 2744 in
1472 2660 1680 2760 Bitouris,
1724 2663 1837 2747 adeo
1866 2663 1950 2747 vul·

256 2814 385 2928 garis,
431 2835 479 2897 ut
507 2842 630 2926 aegre
658 2813 749 2897 sine
778 2810 1092 2927 comparatione
1126 2813 1427 2925 distinguatur,
1471 2812 1718 2928 praesertim
1758 2841 1859 2898 cum
1886 2843 1950 2899 co·

254 2965 347 3051 lore
375 2963 507 3078 magis
535 2963 727 3048 minusve
760 2963 1049 3048 cinerescente
1089 2961 1247 3062 variet,
1288 2987 1332 3048 et
1374 2963 1558 3048 feminae
1600 2963 1820 3079 utriusque
1865 2993 1951 3080 spe·

257 3112 342 3203 'ciei
372 3147 396 3198 a
425 3115 610 3199 maribus
637 3115 722 3199 suis
752 3111 889 3199 adhuc
918 3114 1050 3227 magis
1063 3117 1282 3214 recedant,
1311 3145 1438 3230 quam
1455 3142 1588 3198 mares
1601 3112 1715 3199 inter
1740 3112 1812 3200 sel
1853 3117 1956 3203 Cum

253 3265 532 3380 praecedenti
561 3266 652 3352 abit
680 3269 733 3350 ad
762 3288 948 3349 austrum
975 3264 1169 3351 Octobri.

391 3492 437 3574 N
446 3513 545 3578 oto.
616 3495 784 3577 Femina
814 3523 837 3574 a
866 3519 981 3574 mare
1024 3489 1170 3576 differt
1208 3489 1360 3577 fasciae
1389 3487 1570 3578 ocularis
1597 3487 1743 3605 nigrae
1774 3492 1952 3595 delecto,

254 3638 350 3766 loro
376 3643 517 3756 potius
545 3642 710 3741 albido,
738 3664 956 3757 tractuque
979 3642 1243 3757 supraciliari
1265 3670 1394 3757 usque
1419 3644 1473 3727 ad
1486 3664 1677 3758 tempora
1693 3668 1887 3734 extenso.
1904 3698 1955 3716 ·-

256 3791 368 3875 Gula
393 3814 483 3876 tota
511 3793 631 3908 nigra
659 3821 815 3891 mares,
855 3794 1024 3906 qualem
1052 3802 1230 3910 optimus
1269 3796 1390 3880 Edu
1406 3791 1527 3878 onds
1555 3795 1815 3900 delineavit,
1860 3829 1955 3883 nun·

255 3968 382 4054 quarn
413 3940 518 4028 vidi.
589 3945 916 4028 Aldrouondi
956 3965 1000 4027 et
1036 3949 1293 4029 Brissonii
1321 3945 1481 4058 duplex
1510 3975 1666 4029 nomen
1694 3968 1865 4033 tantum
1891 3980 1953 4033 vs·

254 4094 477 4180 rietatibus
506 4095 676 4194 deberi,
715 4093 792 4178 vix
821 4093 983 4179 dubito.
1054 4100 1207 4210 Neque
1246 4094 1363 4180 enim
1403 4094 1451 4179 in
1493 4100 1660 4210 Europa
1701 4099 1868 4215 reliqua
1908 4101 1954 4184 ab

256 4246 487 4362 aucupibus
515 4247 654 4360 plures
672 4245 841 4330 duabus
870 4243 1089 4359 speciebus
1117 4245 1455 4359 distinguuntur,
1494 4276 1635 4360 neque
1665 4249 1845 4365 Belgae,
1887 4246 1954 4336 ubi

256 4396 445 4482 maxime
488 4400 700 4482 abundant
741 4395 823 4481 hae
865 4427 987 4502 aves,
1030 4401 1170 4514 plures
1210 4418 1377 4483 norunt.
1446 4397 1639 4483 Juniores
1675 4423 1719 4487 et
1751 4399 1878 4511 hujus
1919 4424 1957 4487 et

256 4545 553 4663 praecedentis
581 4547 742 4662 speciei
770 4552 1028 4664 respondent
1054 4546 1352 4663 descriptioni,
1390 4578 1517 4662 quam
1544 4552 1582 4631 B
1590 4558 1861 4639 tissonins
1887 4578 1953 4668 pro

256 4697 442 4785 vitiflora
469 4726 619 4811 grysea
649 4703 755 4805 (orn.
783 4702 863 4783 lll.
893 4733 933 4812 p.
961 4715 1056 4807 452.
1086 4734 1149 4815 sp.
1179 4707 1269 4814 34.)
1297 4698 1462 4815 posuit,
1498 4699 1661 4786 cinerei
1692 4732 1846 4818 gryseo
1871 4724 1948 4817 gut·

247 4845 339 4966 'tati
350 4905 366 4945 ,
393 4878 418 4934 e
445 4850 578 4934 cauda
606 4849 734 4935 facile
762 4850 1062 4966 dignoscendi,
1105 4851 1179 4968 qui
1205 4875 1303 4970 post
1335 4849 1524 4939 medium
1549 4854 1669 4942 lunii
1696 4855 1867 4975 copiose
1892 4878 1950 4937 ro
