4410 5910
1034 387 1181 439 Ε
1859 382 1949 467 527

467 584 704 706 Spipoletta
728 583 1011 687 Florentinis,
1046 584 1452 697 astringebantur.
1491 592 1591 698 pag.
1626 593 1714 672 152.
1752 583 1846 703 Raj.
1874 613 1943 669 av.

613 803 624 824 .
687 774 724 824 ο.
754 774 795 824 n.
853 802 862 824 .

470 773 638 978 Allaiirila
657 775 936 1008 bampeslris,
964 893 1147 977 Brisson.
1178 922 1263 977 om.
1291 892 1369 974 HI.
1400 922 1441 1005 p.
1471 902 1565 995 849.
1593 919 1656 1006 sp.
1687 903 1728 978 5.

473 1045 639 1128 Alauda
668 1042 926 1159 Spinoletta,
964 1048 1055 1127 Lin.
1084 1064 1190 1153 syst.
1218 1047 1316 1126 XII.
1345 1046 1380 1124 l.
1408 1075 1450 1155 p.
1480 1055 1573 1127 286.
1602 1074 1666 1157 sp.
1695 1077 1738 1150 7.

474 1193 704 1308 Pispoletta
719 1166 922 1309 ‘(proprie
952 1192 1228 1304 Florentinis)
1262 1197 1372 1279 Certi
1398 1226 1486 1280 acc.
1518 1194 1563 1275 di
1590 1192 1709 1276 Sard.
1739 1225 1780 1307 p.
1815 1207 1904 1301 ¹59·

397 1350 512 1430 Haec
540 1342 706 1429 avicula
733 1368 898 1430 tantum
924 1345 971 1430 in
999 1345 1248 1429 australibus
1277 1344 1451 1430 Rossiae
1480 1344 1661 1458 campis,
1700 1344 1947 1461 praesertim

256 1495 425 1611 caspico
454 1499 620 1582 deserto
646 1499 892 1611 observata,
935 1496 1138 1609 Gaurjevi
1177 1518 1223 1581 et
1264 1499 1317 1579 ad
1351 1495 1599 1581 inferiorem
1639 1499 1822 1613 Volgam
1860 1505 1946 1611 jam

257 1647 418 1733 ultimis
447 1646 663 1732 Februarii
691 1649 841 1733 diebus
876 1647 1084 1765 gregatim
1125 1649 1326 1732 adventat
1366 1679 1464 1732 cum
1506 1648 1766 1752 Motacillis,
1809 1671 1853 1733 et
1894 1648 1943 1733 in

258 1797 526 1913 salsuginosis
555 1823 680 1914 atque
709 1799 821 1883 inter
849 1800 1072 1884 arundines
1100 1820 1299 1911 vagatur,
1339 1822 1513 1915 tepente
1555 1827 1655 1885 vere
1695 1830 1771 1916 per
1808 1804 1945 1886 deser·

255 1974 347 2035 tum
377 1949 657 2065 dispergitur,
699 1979 779 2035 nec
816 1952 926 2034 ultra
953 1954 1197 2036 Saratovam
1238 1951 1472 2035 adscendit.
1543 1953 1655 2036 Saxo
1695 1951 1766 2037 vel
1805 1951 1946 2038 tuberi

255 2101 487 2188 insidentes
515 2100 762 2204 cantillant,
792 2102 866 2186 sed
895 2100 1015 2188 brevi
1042 2124 1087 2186 et
1114 2100 1262 2220 inepto
1291 2102 1480 2188 modulo.

401 2336 574 2418 Descr.
645 2334 910 2419 Nostratium
947 2332 1153 2432 minima,
1199 2332 1436 2447 plumarum
1478 2333 1620 2418 colore
1663 2333 1945 2440 obsoletiore,
2076 2334 2079 2338 Δ

256 2485 472 2600 magisque
501 2480 813 2590 cineraseente,
845 2516 972 2601 quam
998 2485 1066 2569 Al.
1097 2483 1347 2598 coelipetae.
1403 2486 1594 2571 Rostrum
1621 2483 1817 2585 crassius,
1855 2487 1946 2601 pal·

255 2637 404 2723 lidum.
470 2638 719 2751 Sapercilia,
767 2639 945 2751 gulaque
973 2634 1269 2739 immaculata,
1312 2635 1486 2751 pallida.
1552 2639 1748 2750 Jugulum
1774 2637 1945 2722 sordide

256 2788 530 2886 cineraseens,
557 2787 695 2872 lituris
723 2789 862 2873 fuscis.
918 2790 1108 2897 Remiges
1134 2809 1301 2900 praeter
1322 2803 1362 2872 6.
1392 2787 1573 2874 extimas
1595 2811 1639 2872 et
1660 2786 1882 2874 interiores
1903 2802 1944 2875 3.

254 2937 535 3052 emarginatae
565 2969 729 3038 omnes;
760 2960 802 3020 at
828 2937 875 3020 in
905 2947 956 3021 A.
984 2942 1184 3049 coelipeta
1211 2937 1298 3019 fere
1328 2968 1352 3018 a
1380 2937 1554 3052 quinta,
1601 2969 1766 3053 neque,
1811 2960 1858 3021 ut
1896 2938 1946 3024 in

255 3089 337 3176 hac
350 3151 364 3189 ,
393 3090 672 3174 intermediae
701 3088 879 3202 remiges
907 3086 1027 3203 apice
1058 3086 1179 3169 albae
1195 3121 1205 3184 3
1222 3094 1403 3195 ¹intimae
1431 3109 1516 3171 tres
1537 3085 1640 3172 huic
1664 3088 1943 3193 acuminatas,

252 3248 474 3356 coelipetae
503 3241 682 3325 detritae
711 3249 784 3352 (an
814 3273 835 3323 a
864 3240 1063 3325 diuturno
1091 3238 1235 3321 volatu
1247 3246 1299 3350 2).
1354 3239 1502 3325 Gauda
1524 3238 1765 3337 simillima,
1793 3261 1837 3322 at
1857 3238 1944 3323 evi·

255 3388 422 3476 dentius
449 3390 636 3492 bifurca3
675 3404 861 3479 rectrices
903 3400 1082 3478 extimae
1118 3390 1264 3494 albae,
1304 3411 1469 3474 tantum
1509 3389 1698 3505 margine
1740 3389 1945 3476 interiore

255 3545 397 3646 lusco,
429 3552 643 3659 proximae
670 3544 881 3629 exteriore
910 3541 1098 3656 margine
1127 3541 1217 3625 solo
1245 3538 1613 3653 longitudinaliter
1640 3543 1776 3627 albae.
1830 3545 1956 3626 Men-¹

254 3725 351 3779 sura
379 3696 504 3779 ulnae
533 3698 692 3779 alarum
721 3697 781 3782 δ”.
812 3704 899 3788 blm.
930 3696 1087 3782 caudae
1119 3696 1178 3775 a'‘.
1210 3690 1280 3777 3'‘'.
1308 3689 1511 3776 tibiarum
1537 3695 1626 3799 95⁰.
1654 3692 1783 3809 digiti
1811 3690 1945 3779 antici

253 3850 371 3956 (cum
400 3875 537 3959 ungue
568 3849 658 3960 2⁰2)
689 3848 759 3956 7'''.
789 3846 945 3960 postici
973 3851 1090 3956 (cum
1117 3869 1256 3956 ungue
1283 3845 1375 3952 4''‘.)
1400 3851 1496 3938 σφ’.

388 4077 538 4161 Nota.
606 4078 819 4163 Alaudam
859 4103 1137 4197 campestrem
1178 4078 1406 4184 minorem,
1453 4082 1794 4202 Willuglrbeji
1834 4092 1942 4197 (ont.

251 4262 290 4346 p.
326 4243 413 4317 150.
441 4231 552 4347 llaj.
586 4261 651 4314 av.
683 4262 723 4345 p.
748 4261 815 4339 7⁰·
845 4264 883 4313 n.
899 4237 959 4342 6.)
988 4256 1032 4318 et
1060 4234 1311 4317 Glareanam
1340 4234 1567 4336 Gesneri,
1596 4237 1942 4337 Aldrovandi,

256 4380 535 4491 thzughb.
566 4386 671 4490 (orn.
702 4414 743 4497 p.
779 4397 866 4486 154.
899 4387 1009 4503 Raj.
1042 4416 1107 4468 av.
1139 4417 1179 4495 p.
1210 4397 1248 4469 8.
1279 4415 1318 4464 η.
1347 4391 1408 4497 8.)
1435 4387 1734 4472 Brissonius
1758 4419 1941 4502 synony-

251 4563 320 4617 ma
348 4528 471 4640 hujus
501 4531 625 4629 fecit3
653 4534 910 4620 Linuaeus
937 4539 1055 4642 (cum
1069 4535 1235 4617 Alauda
1248 4533 1484 4634 novalium,
1515 4537 1668 4622 Frisch.
1684 4571 1750 4623 aa.
1770 4538 1855 4624 tab.
1880 4553 1942 4626 15.

239 4687 328 4794 fig.
357 4689 417 4790 3.)
459 4680 683 4765 distinctae
725 4684 885 4798 speciei
923 4687 1187 4789 adnumerat,
1231 4716 1358 4799 quam
1394 4689 1465 4771 Al.
1499 4689 1744 4804 campestris
1772 4688 1946 4776 nomine

253 4832 457 4919 describit
483 4831 529 4917 in
558 4835 703 4919 Fauna
728 4846 910 4940 suecica,
939 4868 1131 4953 quaeque
1159 4834 1269 4921 mihi
1296 4841 1484 4924 nondum
1511 4839 1601 4924 risa
1629 4863 1706 4925 est.
