4410 5910
392 422 502 524 vlu

390 695 670 785 occidentali
712 713 810 784 tota
856 695 952 783 fere
997 698 1161 815 plana,
1221 721 1324 815 pars
1370 712 1440 782 est
1484 691 1724 811 Europae,
1787 695 1864 789 cui
1902 724 1929 784 a
1975 700 2086 787 mari

389 869 599 958 balthico
643 868 702 958 ad
745 862 1075 986 Carpathicum
1119 896 1266 986 usque
1301 870 1462 990 jugum
1498 869 1720 958 continua
1758 887 1851 974 est,
1907 871 1966 959 ad
2006 871 2085 975 bo

387 1071 508 1145 ream
547 1041 656 1131 mari
693 1042 825 1146 albo,
863 1059 912 1130 et
945 1041 1126 1129 Sevoue
1165 1057 1341 1146 monte,
1378 1041 1437 1128 ad
1476 1057 1680 1131 austrum
1717 1040 1889 1146 Ponto,
1926 1041 2086 1132 Maeo·

388 1215 486 1306 tide
525 1209 737 1305 Caucaso
773 1231 822 1302 et
858 1208 1033 1331 Caspio
1069 1216 1178 1304 lacu
1215 1213 1505 1332 praefinitur,
1552 1229 1601 1302 et
1636 1240 1721 1332 per
1755 1213 1978 1305 Uralense
2013 1219 2085 1327 ju·

385 1415 497 1510 gum
522 1492 525 1497 ¹
549 1390 608 1476 ab
667 1388 842 1476 oriente
905 1387 1244 1477 disterminatur
1296 1416 1323 1476 a
1376 1413 1540 1508 magno
1594 1384 1737 1475 Asiae
1801 1389 2081 1482 continente.

383 1558 492 1649 Pars
533 1559 721 1649 asiatica
767 1562 826 1649 ab
863 1560 967 1678 ipso
1012 1560 1223 1649 Uralensi
1258 1564 1369 1682 jugo
1405 1586 1542 1677 supra
1578 1555 1813 1648 Tatariam
1858 1588 2083 1685 maguam,

383 1737 518 1843 quus
550 1750 726 1851 partem
773 1734 1124 1852 comprehendit
1159 1751 1209 1825 et
1243 1733 1397 1821 Sinico
1434 1731 1627 1848 imperio
1663 1760 1787 1821 nnuc
1831 1737 2083 1843 subjectam

383 1902 670 2028 Mongoliam
706 1907 828 1996 ultra
866 1907 960 1994 duo
997 1906 1145 1996 millia
1189 1906 1404 1996 milliaria
1438 1905 1731 2006 extenditur,
1802 1907 1862 1996 ad
1901 1910 2078 1997 boream

381 2077 570 2180 Oceano
606 2078 798 2200 glaciali
833 2081 1098 2199 praesmita,
1162 2080 1221 2169 ad
1258 2096 1458 2168 austrum
1494 2079 1617 2200 jugis
1652 2078 1827 2201 magnis
1863 2080 2081 2191 asiaticis,

380 2250 595 2351 orientali
631 2253 920 2340 extremitate
956 2253 1146 2342 Oceano
1173 2252 1386 2342 orientali
1404 2249 1692 2340 circumfusa.
1783 2251 2081 2370 Amplissima

380 2420 500 2521 haec
546 2421 731 2542 Imperii
774 2451 905 2544 pars,
982 2426 1160 2552 magnis
1203 2423 1470 2517 fluminibus
1517 2451 1579 2512 ex
1624 2424 1813 2515 asiatica
1859 2426 2078 2548 montium

378 2614 550 2705 catena
597 2625 759 2687 versus
803 2601 985 2693 boream
1028 2600 1319 2690 transversim
1362 2595 1675 2690 defluentibus
1719 2616 1767 2686 et
1812 2597 2078 2691 Salmonum

378 2798 440 2869 ex
477 2771 667 2862 Oceano
703 2773 999 2865 subeuntium
1035 2800 1198 2896 magna
1235 2771 1459 2862 varietate
1478 2789 1526 2859 et
1543 2772 1678 2888 copia
1716 2770 2077 2883 abundantibus,

377 2945 510 3062 quasi
555 2945 824 3052 subdivisa,
895 2945 945 3035 iu
987 2973 1155 3068 genere
1199 2963 1452 3063 temperato
1497 2961 1546 3032 et
1589 2944 1761 3064 frigido
1805 2948 1892 3034 sub
1937 2950 2073 3039 coelo

374 3116 526 3236 posita
573 3136 678 3233 est3
748 3145 869 3237 quae
919 3119 1119 3211 climatis
1172 3119 1442 3209 constitutio
1497 3116 1763 3208 animalium
1817 3066 2080 3241 multiplici

373 3290 672 3408 productioni
708 3291 926 3411 equidem
960 3291 1109 3384 miuus
1146 3292 1306 3406 favet,
1360 3293 1487 3413 apud
1524 3317 1606 3380 nos
1642 3305 1792 3381 tamen
1831 3290 2070 3413 regionum

373 3462 598 3571 varietate
635 3481 684 3554 et
719 3465 988 3559 extensione
1033 3485 1366 3584 compensatur.
1456 3462 1663 3555 Maxime
1708 3464 1932 3551 australes
1968 3466 2068 3574 ejus

371 3632 485 3730 fines
528 3664 622 3727 non
666 3638 787 3728 ultra
834 3635 996 3729 50ἳηιιηι
1040 3639 1303 3730 latitudinis
1347 3638 1540 3758 gradum
1586 3634 1931 3747 extenduntur3
2004 3637 2066 3726 ad

371 3808 554 3899 boream
588 3838 701 3901 vero
737 3827 938 3920 tantum,
975 3831 1198 3932 quantum
1234 3812 1336 3903 ulla
1372 3809 1465 3899 alia
1501 3826 1635 3914 terra,
1671 3825 1721 3896 et
1754 3805 1803 3895 in
1839 3805 2065 3899 circulum

369 3981 483 4095 preti
519 3983 770 4106 glaciatum
806 4015 954 4105 usque
989 3987 1145 4077 littora
1181 3983 1359 4106 pandit.
1457 3978 1725 4101 Temperies
1762 3983 1860 4092 ejus
1895 3979 1945 4069 iu
1981 4009 2063 4104 ge·

369 4180 477 4244 nere
513 4184 605 4249 nou
641 4159 794 4248 estin
838 4159 1013 4250 ratione
1058 4159 1359 4247 latitudinum
1404 4157 1636 4260 locorum,
1699 4154 1806 4273 quia
1854 4155 2061 4245 boreales

365 4329 524 4436 venti,
576 4350 627 4422 et
661 4335 719 4423 ab
756 4335 971 4440 australi,
1008 4333 1118 4423 nive
1153 4350 1278 4420 tecto
1315 4329 1533 4418 montium
1569 4330 1680 4447 jugo
1716 4323 1902 4427 reflexi,
1936 4329 2059 4447 tepi-

364 4500 446 4593 das
480 4530 510 4595 a
542 4507 731 4596 meridie
767 4535 899 4597 auras
935 4504 1209 4594 excludunt.
1298 4500 1422 4591 Hinc
1457 4528 1552 4618 quo
1587 4499 1731 4617 magis
1749 4499 1808 4586 ad
1837 4501 2055 4609 orientem

361 4678 513 4770 tendit
547 4678 735 4786 Sibiria,
783 4680 1021 4804 magisque
1057 4673 1288 4764 attollitur
1324 4691 1588 4773 montuosa,
1624 4687 1672 4757 et
1707 4672 1824 4758 inter
1858 4673 1972 4794 iuga
2008 4689 2059 4764 et

354 4851 606 5009 glacialem
641 4855 882 4947 Oceanum
916 4849 1086 4941 arctius
1121 4847 1403 4955 includitur,
1457 4872 1516 4935 eo
1551 4842 1783 4961 frigidior,
1822 4843 1907 4929 sub
1943 4843 2056 4934 latis
