4410 5910
1028 332 1181 384 Ἐ
1862 330 1950 419 377
2000 381 2005 393 ’

475 688 478 692 ἦ
550 508 554 514 ·
648 573 741 684 40.
827 559 1216 654 VULTUR
1286 566 1564 658 Persicus.

398 734 452 815 V.
473 726 655 846 'corpore
678 756 830 842 gryseo
850 728 1050 842 fuscoque
1075 728 1299 833 nebuloso,
1331 728 1471 844 capite
1491 725 1773 815 fasciculatim
1801 727 1955 844 piloso,

260 881 375 973 collo
404 881 673 996 lanuginoso,
704 879 853 966 collari
881 879 1116 994 plumaceo.
1237 994 1241 1001 .
1289 995 1291 998 ⁴

398 1036 516 1116 Hanc
545 1032 730 1148 speciem
764 1055 928 1116 tantum
957 1061 981 1116 e
1009 1031 1191 1118 littorali
1225 1030 1412 1137 Persiae,
1460 1031 1686 1148 aliquoties
1728 1036 1956 1122 Rossorum

260 1183 385 1270 armis
400 1186 600 1296 subjecto,
632 1186 816 1269 adlatam
830 1181 934 1284 vidi,
965 1185 1155 1298 adeoque
1168 1195 1257 1298 jure
1270 1184 1377 1270 belli
1391 1175 1557 1269 Faunae
1573 1208 1739 1270 nostrae
1755 1187 1951 1306 adjungo

396 1339 571 1420 Descr.
627 1335 875 1450 Magnitudo
904 1335 992 1419 fere
1029 1336 1335 1450 praecedentis.
1408 1339 1602 1423 Rostrum
1641 1367 1777 1453 paene
1818 1339 1955 1455 cylin-

259 1486 444 1590 dricum,
476 1484 596 1600 apice
625 1490 852 1590 aduncum,
892 1516 985 1570 cero
1013 1509 1057 1570 et
1085 1487 1275 1586 naribus,
1315 1513 1362 1575 ut
1389 1488 1436 1578 iu
1463 1493 1745 1606 Percnoptero.
1814 1493 1953 1607 Caput

258 1638 360 1756 pilis
388 1631 642 1722 fasciculatis
671 1639 740 1720 vel
766 1637 963 1721 radiatim
992 1667 1017 1721 e
1044 1636 1196 1725 rhachi
1224 1641 1441 1727 communi
1466 1641 1695 1745 oriundis,
1739 1645 1792 1727 ad
1821 1628 1953 1729 latere

260 1789 431 1907 sparsis,
473 1789 519 1872 in
549 1790 709 1875 vertice
738 1787 955 1893 confertis,
999 1789 1180 1896 strictis,
1224 1793 1635 1893 flavescente-albis3
1678 1795 1752 1878 sed
1792 1792 1953 1881 collum

259 1939 567 2057 lanuginosum.
625 1944 821 2027 Cucullae
856 1940 968 2026 circa
991 1934 1136 2027 ‘imam
1177 1942 1388 2029 cervicem
1431 1940 1569 2029 minus
1609 1945 1706 2029 laxe
1751 1943 1952 2050 radiatus,

257 2093 410 2212 pennis
439 2092 603 2178 setariis
631 2089 970 2207 subsimplicibus
999 2117 1206 2180 constans.
1263 2099 1421 2212 Corpus
1447 2093 1608 2212 pallide
1638 2098 1951 2210 gryseo·fusco

259 2275 342 2362 que
370 2245 620 2330 nebulosum
649 2240 916 2329 maculatum.
977 2245 1180 2333 Tectrices
1208 2248 1365 2331 alarum
1392 2277 1567 2364 corpore
1601 2245 1849 2347 albidiores;
1889 2276 1954 2331 re·

258 2396 393 2511 miges
420 2395 585 2510 nigrae,
627 2397 944 2482 incanescentes
973 2426 1045 2481 seu
1073 2397 1315 2512 pruinosae3
1357 2397 1555 2485 rectrices
1595 2399 1755 2515 nigrae.
1824 2400 1956 2486 Pedes
2006 2460 2009 2466 -

257 2548 368 2634 ultra
397 2548 559 2634 medias
584 2547 717 2635 tibias'
741 2548 866 2648 nudi,
907 2545 1035 2663 digiti
1061 2548 1298 2650 breviores,
1325 2552 1473 2658 crassi,
1503 2550 1713 2636 exteriore
1742 2580 1828 2635 non
1855 2550 1955 2637 laxs

256 2700 394 2818 plica,
423 2702 497 2787 sed
511 2724 601 2789 tota
613 2699 706 2787 basi
718 2698 902 2786 strictius
916 2698 1060 2787 medio
1080 2706 1313 2807 confluens,
1344 2735 1478 2819 ungue
1502 2705 1636 2788 multo
1650 2701 1813 2787 minore
1827 2730 1958 2818 quam

256 2851 414 2969 reliqui
440 2852 681 2941 instructus.
736 2852 958 2967 Propoltio
987 2854 1167 2953 alarum,
1195 2878 1243 2939 ut
1264 2862 1559 2972 Percnoptero.

395 3006 551 3093 Noto.
607 3010 781 3102 Rostro,
823 3002 1001 3119 pedibus
1046 3025 1091 3088 et
1124 3005 1380 3090 fasciculatis
1405 3006 1509 3122 'pilis
1538 3004 1691 3122 capitis
1718 3005 1780 3088 ita
1807 3000 1955 3090 differt·

257 3188 285 3246 a
311 3159 620 3275 praecedente,
648 3178 695 3240 ut
722 3148 777 3239 de
806 3151 1051 3240 diversitate
1080 3156 1275 3271 specifica
1302 3158 1479 3243 dubium
1507 3187 1597 3242 esse
1626 3176 1822 3270 nequeat.
1878 3150 1954 3237 Vi-

257 3310 383 3400 det'ur
410 3340 509 3399 cum
534 3316 817 3424 Percnoptero
846 3302 1066 3422 aegyptio,
1102 3305 1219 3423 prior
1246 3338 1344 3397 cum
1371 3303 1515 3427 alpino
1544 3306 1786 3395 convenire.

468 3541 561 3644 41.
634 3525 680 3613 V
706 3523 749 3610 U
776 3519 822 3609 T
850 3520 893 3615 U
922 3521 962 3611 R
1032 3521 1353 3640 Meleagria.
1417 3524 1562 3615 TAB.
1600 3519 1740 3622 XIV,

392 3719 447 3800 V.
464 3737 653 3830 corpore
675 3708 913 3820 caudaque,
937 3703 1066 3811 albis,
1108 3705 1252 3826 capite
1290 3711 1406 3800 nudo
1446 3704 1700 3814 flavissiuro,
1744 3703 1821 3795 alis
1859 3705 1954 3801 suta

253 3885 327 3953 uu
365 3865 512 3983 nigris.
1446 3924 1449 3929 -
1931 3942 1938 3952 .

301 4059 365 4103 .·-
461 4015 630 4105 „uultur
655 4033 957 4128 percnoprerus
984 4014 1155 4103 Gaudio.
1179 4021 1267 4134 jaus.
1296 4015 1385 4102 isira.
1413 4017 1504 4101 Ill.
1521 4046 1620 4130 pag.
1644 4024 1748 4118 364:
1768 4008 1854 4104 tab.
1882 4020 1952 4121 37.

478 4242 503 4259 ..
529 4166 786 4285 (pessima).

248 4366 262 4409 a
305 4365 321 4371 ··
387 4329 445 4409 ln
471 4317 681 4410 Tauricae
708 4313 962 4409 Chersonesi
1002 4314 1213 4404 montanis
1253 4317 1383 4403 rarius
1419 4317 1531 4403 inter
1568 4317 1858 4431 Percnopteros
1885 4339 1956 4424 ap-

249 4497 418 4591 puer,
440 4497 622 4561 etcum
644 4466 1072 4563 iiacircaoadaven
1100 4467 1338 4560 associatur.
1407 4469 1494 4553 Sed
1530 4500 1555 4552 a
1589 4488 1789 4554 venatore
1817 4462 1954 4556 multo

248 4626 395 4743 mugio
415 4648 555 4719 cavat.
611 4618 726 4713 Mihi
753 4620 887 4715 aurel
907 4618 1215 4715 niauallatus
1239 4670 1243 4677 ⁴
1271 4624 1424 4712 Vocem
1444 4621 1605 4708 nullam
1630 4621 1796 4703 edebat.
1853 4618 1956 4705 Erat

259 4779 577 4886 maiatum,
612 4770 907 4895 edtlnadlau
921 4773 1051 4893 3bene.
1071 4773 1247 4867 fetebat.
1276 4817 1295 4863 ·,
1308 4771 1469 4861 Habitu
1511 4794 1578 4879 at,
1596 4772 1810 4893 adapeuu
1835 4760 1956 4865 nobi·
1993 4846 1997 4853 .

1453 4933 1510 5031 48
