4410 5910
1030 388 1178 446 m
1289 477 1291 480 Α
1828 383 1937 476 '¹147

252 597 430 694 horsum
456 606 624 683 vorsum
644 610 874 710 sagmas,
916 615 1040 681 canes
1081 589 1285 710 fatigans
1334 589 1545 682 ¹Inimic'bs
1584 586 1734 716 habet,
1776 615 1943 710 praeter

255 752 444 866 Vulpem
472 772 517 834 et
550 751 843 863 Lagopodem,
885 745 1137 851 Zibellinas,
1177 747 1265 833 imo
1305 749 1496 834 Putorios
1537 767 1580 833 e't
1621 748 1864 834 Ermineum
1899 763 1944 833 et

257 900 462 990 Cornice's
491 931 677 1016 quoque;
721 923 784 987 est
821 899 938 987 enirn
974 899 1199 985 admodum
1226 896 1412 986 imbellis
1441 923 1485 986 et
1514 895 1566 987 ab
1594 899 1775 1005 ultimis,
1818 903 1941 1006 dorso
1992 919 1995 930 '

257 1084 306 1140 se
332 1054 608 1167 adigentibus
624 1075 681 1136 'et
708 1053 852 1138 oculos
880 1050 1150 1156 ferientibus,
1180 1047 1305 1138 facile
1334 1022 1555 1167 subigitur.
1613 1052 1845 1167 Capiuntur
1883 1053 1941 1136 la·

254 1204 399 1321 queis,
416 1204 637 1319 variisque
666 1201 887 1317 decipulis.
942 1203 1080 1290 Tenui
1108 1202 1267 1289 vimine
1295 1203 1342 1288 iu
1372 1205 1612 1291 alterutram
1640 1234 1784 1289 narem
1811 1232 1942 1319 usque

257 1358 313 1441 ad
330 1359 557 1442 'cerebrum
584 1354 745 1440 intruso
772 1355 902 1442 facile.
925 1377 1139 1440 necantur.
1210 1358 1339 1441 Pelles
1365 1355 1491 1461 viles,
1535 1357 1796 1472 minimeque
1824 1359 1944 1441 dura·

254 1515 393 1610 turae,
437 1505 540 1601 hinc
580 1529 743 1591 tantum
782 1507 962 1622 plebejis
1002 1506 1198 1592 foeminis
1236 1538 1315 1622 pro
1353 1505 1545 1622 hyberna
1574 1523 1704 1594 'veste
1749 1507 1941 1609 usitatae,

252 1657 713 1773 quamcalidissimam
738 1661 962 1773 praebent3
1006 1661 1059 1743 ad
1087 1658 1285 1744 coactilia
1312 1689 1440 1775 opera
1467 1660 1653 1745 inutiles.
1728 1660 1942 1745 Consuun·

253 1833 324 1894 tur
351 1809 571 1925 sigillatim
599 1812 740 1912 dorsa,
785 1833 950 1894 ventres
978 1832 1022 1893 et
1048 1812 1198 1924 pedes,
1238 1809 1328 1896 imo
1369 1840 1487 1896 aures
1527 1840 1694 1928 quoque
1736 1829 1942 1908 consuunt

252 1960 301 2045 in
331 1960 497 2046 Sibiria.
555 1961 763 2047 Consutae
793 1963 846 2044 ad
870 1967 1028 2067 ,Turcas
1056 1984 1097 2045 et
1125 1960 1172 2044 in
1200 1967 1410 2080 Europam
1438 1985 1725 2077 exportantur.

390 2113 434 2196 N
440 2135 527 2198 ota
561 2151 610 2212 1.
650 2109 782 2196 Utin
811 2115 923 2198 Cane
950 2113 1180 2227 Lagopode
1210 2113 1324 2197 fusca
1368 2113 1569 2218 varietas,
1614 2113 1674 2199 sic
1702 2112 1749 2198 in
1775 2116 1945 2224 Leporis

250 2264 467 2352 variabilis
495 2264 625 2381 stirpe
653 2288 751 2348 nata
779 2263 897 2377 nigra
926 2265 1126 2370 varietas,
1156 2260 1313 2379 hyeme
1341 2267 1528 2351 colorem
1554 2295 1639 2351 non
1668 2286 1814 2349 mutat.
1862 2266 1945 2349 Oc·
2006 2323 2009 2330 ι

252 2439 424 2502 currunt
453 2438 593 2499 autem
644 2425 751 2529 nigri
776 2425 932 2532 lepores
959 2413 1113 2530 passim
1141 2416 1187 2501 in
1216 2413 1459 2504 Casaniensi
1486 2445 1615 2532 regno
1658 2438 1701 2501 et
1739 2416 1785 2501 in
1827 2412 1946 2499 omni

253 2568 431 2671 Sibiria,
461 2567 687 2683 praecipue
717 2599 815 2653 vero
844 2545 1040 2651 dicuntur
1067 2570 1305 2685 frequentes
1328 2567 1485 2653 essein
1510 2567 1681 2683 regione
1702 2567 1815 2652 inter
1835 2568 1944 2651 Oce·
2002 2674 2007 2680 ι

254 2751 382 2804 anum
409 2717 659 2807 orientalem
687 2742 732 2803 et
758 2718 907 2803 fluvios
935 2717 1047 2823 Uth,
1076 2727 1220 2832 Tugur
1247 2741 1292 2805 et
1319 2717 1488 2805 Ochota
1516 2719 1698 2824 inclusa,
1728 2716 1802 2804 ubi
1826 2718 1944 2802 fusco

251 2871 396 2956 colore
426 2901 515 2956 esse
544 2868 711 2987 accepi,
747 2869 830 2955 nisi
858 2870 966 2955 forte
994 2869 1217 2984 peculiaris
1245 2867 1309 2955 ibi
1336 2870 1511 2987 species.
1569 2869 1743 2957 Sibirici
1770 2892 1815 2954 et
1842 2875 1944 2954 Ros·

252 3022 334 3108 sici
360 3022 473 3137 nigri
499 3023 663 3138 lepores
691 3022 787 3106 sunt
814 3022 1059 3137 plerumque
1089 3020 1294 3124 aterrimi‚
1332 3022 1481 3125 nitidi,
1512 3024 1653 3106 subtus
1687 3022 1860 3123 subrufi,
1885 3020 1947 3104 ad

252 3175 389 3260 solem
429 3204 529 3260 vero
558 3171 746 3290 suspensi
772 3173 885 3258 intra
910 3176 1048 3259 breve
1066 3195 1229 3288 tempus
1263 3171 1347 3256 toti
1375 3175 1600 3258 nrfescunt.
1671 3172 1795 3258 Circa
1823 3201 1869 3254 os
1896 3169 1945 3252 in

251 3324 443 3430 auribus,
473 3349 519 3412 et
543 3325 592 3410 in
618 3324 764 3412 buccis
792 3353 916 3439 saepe
936 3322 1024 3440 pili
1051 3323 1140 3409 albi
1161 3321 1292 3438 sparsi
1313 3325 1382 3407 vel
1402 3353 1479 3439 per
1498 3322 1733 3408 fasciculos.
1788 3321 1946 3405 Pedum

250 3479 395 3564 soleae
423 3506 572 3593 gryseo
587 3476 827 3579 -cinereae,
871 3497 918 3559 ut
951 3473 998 3558 in
1026 3472 1203 3588 vulgari.
1259 3479 1430 3588 Lanugo
1458 3473 1517 3558 in*
1530 3497 1623 3559 toto
1651 3502 1845 3590 corpore,
1889 3451 1960 3555 ad

249 3630 413 3754 pellem
440 3658 678 3714 canescens.
748 3630 879 3712 In’des
906 3628 1082 3711 obscure
1110 3626 1264 3710 fulvae.
1332 3625 1435 3712 Vidi
1463 3624 1587 3740 hujus
1616 3623 1828 3713 varietatis
1856 3622 1947 3740 pel·

253 3780 372 3865 lese
399 3779 520 3895 nigro
547 3778 593 3864 in
622 3773 869 3896 plumbeum
897 3778 1085 3863 colorem
1113 3800 1345 3890 vergentes.
1472 3850 1477 3862 .

389 3933 433 4015 N
442 3954 532 4017 ota
561 3967 600 4016 α.
656 3937 792 4048 Lepus
817 3929 1033 4016 variabilis
1059 3931 1105 4014 in
1126 3929 1320 4015 conclavi
1332 3927 1573 4045 hybemans
1588 3933 1812 4035 calefacto,
1840 3925 1949 4045 hye-

251 4083 408 4169 malem
434 4084 578 4168 tamen
606 4083 744 4199 pilum
771 4084 934 4186 album,
963 4104 1057 4167 utut
1082 4080 1241 4167 tardius
1266 4082 1427 4187 induit,
1459 4086 1533 4200 qui
1561 4088 1706 4170 duma
1732 4105 1833 4168 cute
1852 4111 1948 4198 pro-

254 4234 412 4348 rumpit
439 4257 484 4318 et
512 4235 719 4319 aestivum
746 4257 934 4348 superat,
971 4232 1046 4319 hic
1074 4232 1229 4318 sensim
1258 4235 1419 4318 defluit.
1475 4240 1676 4320 Cornutus
1704 4229 1826 4345 hujus
1854 4261 1945 4344 spe-

258 4381 345 4467 ciei
388 4385 572 4500 lepores,
615 4385 661 4469 in
702 4406 820 4470 tanto
862 4413 1037 4470 numero
1078 4384 1152 4499 qui
1192 4384 1416 4499 quotannis
1444 4385 1687 4502 capiuntur,
1731 4409 1949 4495 nunquam

259 4532 400 4626 audivi
428 4537 668 4637 observatos
696 4535 837 4626 fuisse.

391 4687 433 4766 N
440 4709 525 4771 otu
554 4704 593 4774 3.
651 4692 692 4773 V
689 4697 841 4774 arietes
867 4688 975 4773 forte
1003 4684 1206 4803 hybrida,
1236 4685 1392 4803 hyeme
1417 4719 1503 4773 non
1525 4688 1652 4803 plane
1675 4688 1789 4786 alba,
1820 4712 1948 4799 quam
2031 4714 2036 4723 ’

269 4831 386 4916 Rossi
412 4840 617 4952 sequentis
638 4841 815 4975 ‘nomine
845 4845 1041 4958 (russas)
1071 4843 1281 4958 appellare
1310 4842 1468 4947 solent,
1504 4842 1626 4945 vario
1653 4841 1784 4957 gradu
1810 4841 1947 4945 obses·

1455 5003 1475 5045 s
