4410 5910
1017 410 1163 463 a
1842 407 1932 500 203

252 634 475 717 nerentur,
505 609 629 700 valde
655 606 883 728 periculosi
910 633 1019 698 sunt.
1075 607 1305 696 Foeminae
1321 618 1480 696 novem
1502 611 1714 699 mensibus
1735 610 1825 698 fere
1847 641 1940 727 gra,

252 766 399 871 vidae,
437 788 483 851 et
509 796 594 852 non
617 788 714 854 ante
742 763 971 850 triennium
998 762 1146 848 aetatis
1173 766 1418 849 foecundae.
1474 763 1706 850 Hinnulurn
1732 795 1862 850 unum
1890 784 1935 848 et

251 919 358 1007 duos
385 917 566 1033 pariunt.
635 926 774 1004 Mares
800 947 955 1002 cornua
982 907 1195 1030 dejiciunt
1229 915 1477 1018 Decembri,
1518 916 1654 1032 prima
1681 918 1777 1004 vice
1804 914 1932 1003 tertio

253 1069 406 1155 aetatis
433 1100 562 1171 annm
604 1099 704 1157 rere
739 1101 848 1155 nova
876 1067 1112 1184 germinant
1140 1067 1415 1158 claviformia.
1451 1084 1453 1087 ’
1485 1075 1580 1156 Nec
1608 1093 1720 1156 aetas
1747 1101 1771 1155 e
1799 1067 1935 1156 corni·

251 1221 330 1308 bus
371 1221 622 1335 agnoscitur.
653 1321 656 1326 ¹
693 1223 819 1307 Rami
859 1245 1050 1307 autema
1079 1222 1243 1307 clavato
1272 1219 1460 1333 germine
1487 1221 1644 1306 sensim
1669 1243 1934 1332 excrescunt,

246 1402 339 1459 non
367 1371 511 1459 statim
538 1375 832 1478 efformantur,
872 1398 921 1459 ut
946 1374 1125 1459 cervis..
1166 1373 1322 1458 Carnes
1349 1371 1501 1459 borum
1528 1373 1775 1462 animalium
1801 1371 1936 1488 junio·

249 1553 347 1612 rum
386 1525 574 1610 cervinis
600 1529 895 1643 praeferendae
923 1549 974 1630 et,
1005 1528 1121 1611 furno
1164 1556 1312 1641 parum
1353 1528 1522 1611 duratae
1550 1528 1681 1613 etiam
1707 1527 1862 1612 crudae
1889 1522 1936 1608 in

250 1674 422 1766 deliciis
448 1707 539 1762 esse
567 1701 752 1794 possunt.
809 1679 1098 1771 Aestimantur
1124 1676 1370 1793 praesertim
1396 1677 1580 1791 linguae.
1607 1731 1662 1755 -ψ
1688 1683 1820 1765 Pelles
1847 1706 1935 1763 cer·

251 1824 365 1913 riuis
393 1829 581 1915 crassitie
609 1831 735 1942 longe
762 1833 1079 1944 praeferendae,
1111 1828 1336 1944 praecipue
1364 1852 1440 1943 pro
1467 1831 1659 1945 equitatu
1665 1869 1677 1932 ς
1714 1831 1817 1915 hinc
1844 1859 1936 1945 par·

248 1977 335 2066 tim
363 1982 460 2067 loco
494 1981 645 2066 tributi
672 2013 695 2066 a
722 1981 890 2096 populis
931 1980 1112 2068 Sibiriae
1154 1978 1429 2102 colliguntur,
1472 1981 1628 2096 partim
1667 1997 1936 2083 coemrmtum

251 2162 282 2220 a
305 2132 514 2246 Tungusis
552 2163 721 2248 quoque
765 2132 1117 2218 translenensibus
1156 2156 1453 2247 praeparantur
1491 2158 1699 2248 magmate
1727 2164 1751 2219 e
1780 2133 1938 2250 chymo

251 2281 503 2386 ventriculi,
533 2290 707 2374 cerebro
731 2310 779 2373 et
805 2286 1007 2400 sanguine
1035 2284 1228 2368 animalis
1256 2308 1419 2400 parato,
1447 2288 1564 2400 quod
1586 2288 1640 2370 ad
1661 2317 1785 2373 omne
1807 2316 1937 2400 genus

248 2431 434 2550 pellium
481 2435 727 2544 adhibent,
748 2462 793 2524 et
827 2439 1056 2523 infumatae
1095 2434 1274 2522 humido
1302 2440 1470 2550 egregie
1497 2438 1708 2525 resistunt.
1736 2490 1792 2506 -
1831 2438 1938 2554 Cap·
2058 2544 2062 2553 .

251 2606 350 2671 tura
375 2589 423 2670 fit
447 2589 576 2674 variis
604 2591 755 2679 modis.
824 2589 1124 2704 Vulgatissime
1166 2588 1301 2673 foveis
1340 2589 1388 2673 in
1427 2591 1638 2704 sylvarum
1677 2590 1941 2676 densioribus

250 2736 363 2824 locis
389 2737 603 2827 instructis
630 2765 755 2858 atque
783 2742 966 2856 virgulto
989 2764 1037 2825 et
1064 2739 1251 2854 gramine
1278 2741 1424 2840 tectis,
1466 2746 1520 2827 ad
1554 2775 1655 2859 quas
1683 2742 1838 2827 animal
1865 2743 1940 2825 du·

250 2912 358 2976 cunt
384 2919 503 3006 sepes
531 2923 556 2977 e
584 2892 757 2980 succisis
785 2895 1000 3011 arboribus
1036 2894 1186 2976 factae.
1256 2892 1369 2977 Dein
1410 2919 1592 2981 exeunte
1629 2894 1805 3010 hyeme,
1847 2923 1942 3012 pro·

255 3042 412 3128 fundae
438 3041 579 3146 nives,
622 3077 753 3159 quum
782 3078 806 3131 a
832 3047 919 3132 sole
949 3068 1104 3147 tostae,
1144 3066 1284 3128 crusta
1323 3046 1443 3130 tenui
1471 3048 1671 3161 glaciata,
1713 3047 1943 3132 incrustan-

253 3214 348 3292 tnr,
387 3177 646 3308 ponderosae
680 3196 863 3302 bestiae,
907 3219 1087 3283 crustam
1122 3197 1299 3312 pedibus
1326 3198 1654 3311 perrumpentis,
1698 3200 1838 3309 fugam
1864 3196 1942 3279 im·

251 3343 456 3464 pediunt,
496 3376 582 3461 quo
616 3346 664 3432 in
699 3370 866 3435 tantum
891 3349 1110 3463 fatigatur,
1151 3370 1198 3431 ut
1226 3346 1301 3431 vix
1330 3370 1427 3432 octo
1454 3378 1531 3462 per
1557 3348 1692 3431 stadia
1718 3351 1838 3458 fugae
1866 3375 1942 3461 par

251 3497 333 3601 sit,
360 3496 608 3611 insequente
634 3528 733 3585 cum
758 3501 1059 3618 suppedalibus
1086 3497 1260 3583 homine
1288 3521 1333 3582 et
1358 3499 1551 3598 canibus,
1580 3501 1654 3583 sed
1681 3496 1833 3583 anhela
1854 3495 1942 3581 cito

249 3649 503 3737 succumbat
526 3670 571 3732 et
595 3655 918 3766 transfigendum
955 3682 1001 3736 se
1042 3654 1254 3768 praebeat.
1325 3648 1522 3762 Denique
1561 3681 1658 3736 cum
1700 3671 1855 3735 aestate
1894 3646 1942 3732 in

249 3801 375 3915 aquis
400 3829 459 3889 se.
473 3803 714 3903 delectant,
756 3807 809 3890 ab
838 3804 1029 3890 insecuto
1057 3827 1256 3888 venatore
1284 3802 1448 3916 sagittis
1475 3803 1545 3886 vel
1572 3800 1718 3919 sclopo
1745 3802 1942 3889 occidun-

248 3975 338 4041 tur.
365 4002 421 4021 -··
460 3961 577 4041 Inter
602 3957 710 4041 feras
736 3954 984 4071 praesertim
1012 3958 1064 4041 ab
1091 3955 1208 4041 Ursis
1235 3977 1280 4039 et
1307 3956 1481 4067 gulone,
1500 3984 1567 4040 ex
1595 3959 1761 4060 arbore,
1788 3978 1944 4039 transe-

247 4102 371 4191 untis
397 4103 444 4190 in
467 4109 642 4195 dorsum
667 4076 975 4209 insilientibus,
1006 4130 1051 4191 et
1077 4140 1102 4191 a
1128 4105 1380 4192 consociatis
1402 4107 1531 4222 Lupis
1552 4107 1813 4193 occiduntur.
1869 4111 1944 4191 Fe-

248 4277 356 4343 mnt
379 4256 512 4345 etiam
561 4262 617 4345 ab
657 4260 858 4347 Erminao
898 4258 1137 4345 dormiente
1177 4288 1221 4342 se
1259 4258 1306 4342 in
1334 4290 1450 4343 aures
1478 4259 1716 4344 insinuante
1743 4255 1789 4341 in
1816 4256 1944 4343 furias

251 4405 353 4520 egis
391 4430 441 4494 ut
466 4430 592 4526 saepe
619 4412 712 4529 ipsa
739 4443 785 4497 se
812 4395 977 4498 inflicto
1004 4410 1145 4526 capite
1188 4411 1258 4494 vel
1281 4440 1324 4496 ·e
1368 4408 1595 4527 praecipiti
1635 4440 1737 4525 rupe
1778 4411 1946 4495 occidat

248 4557 383 4644 Alce.
451 4547 541 4647 Lue
569 4563 726 4649 bovina
751 4562 800 4649 in
826 4562 1005 4658 Livonia
1032 4586 1242 4676 grassante
1271 4595 1335 4650 ao.
1373 4579 1487 4673 1752.
1516 4560 1645 4644 etiam
1677 4562 1805 4646 Alces
1832 4562 1947 4644 inva-

251 4709 321 4796 sit
346 4713 535 4815 morbus,
571 4736 619 4800 ut
644 4717 884 4830 frequentes
911 4714 956 4801 in
976 4715 1110 4828 sylvis
1129 4738 1176 4799 et
1197 4713 1422 4830 paludibus
1445 4737 1632 4803 mortuae
1652 4710 1949 4826 reperirentur.

251 4863 328 4978 (Η
335 4869 484 4978 apel).
544 4870 648 4956 Isou
669 4868 990 4957 'afennento
1018 4868 1118 4958 data
1137 4866 1384 4956 Americaui
1413 4866 1625 4974 animalis,
1654 4860 1954 4983 pulcherrima,

1426 5029 1446 5076 fi
