4410 5910
386 456 546 553 xvm

385 763 535 842 nosse,
571 743 856 824 non'tantum
875 732 922 821 in
938 743 998 823 'eo
1016 731 1142 851 quod
1157 731 1410 835 lucrosum,
1445 727 1528 819 vel
1548 727 1690 837 utile,
1727 731 1809 821 vel
1826 731 1966 823 edule
1984 754 2074 844 est,

385 937 473 999 nec
508 910 557 998 in
592 909 694 996 ulla
728 910 917 1026 partiali
951 908 1116 996 notitia
1154 905 1356 994 studium
1379 902 1596 992 -Naturae
1633 907 1879 995 consistere
1915 909 2073 1018 debet,

381 1086 464 1175 red
500 1081 644 1172 omnis
681 1078 880 1177 Naturae
916 1082 1189 1199 complexus
1223 1079 1388 1167 sensim
1425 1077 1492 1168 ita
1526 1097 1597 1166 est
1631 1080 1956 1187 illustrandus,
2019 1104 2076 1177 ut

382 1259 495 1347 ordo
539 1283 685 1345 rerum
722 1274 770 1344 et
804 1257 937 1377 leges
971 1254 1212 1375 generales
1246 1252 1491 1342 creationis
1536 1253 1817 1343 elucescant.
1910 1255 2075 1376 Neque

379 1431 502 1525 eninr
546 1456 627 1534 ea,
686 1456 806 1547 quae
850 1428 1029 1519 alienos
1071 1454 1195 1516 nunc
1238 1454 1332 1514 non
1376 1426 1638 1528 delectant,
1689 1426 1828 1517 etiam
1872 1428 2074 1527 Naturae

379 1604 537 1721 mystis
590 1601 745 1690 taedio
798 1619 939 1716 sunt3
1017 1600 1154 1691 immo
1207 1600 1448 1690 scrutatori
1500 1627 1640 1717 saepe
1692 1597 1922 1692 laboriosa
1975 1606 2069 1701 Cet.

378 1775 753 1866 Ucubentoni
787 1774 1034 1897 diligentia
1069 1773 1240 1900 gratior
1275 1789 1325 1860 et
1342 1773 1501 1862 utilior
1536 1774 1722 1881 evenit,
1756 1803 1894 1895 quarn
1911 1780 2072 1898 splen·

377 1949 489 2041 dida
522 1934 782 2069 Bussenii
816 1947 1099 2066 eloquentia.

552 2119 605 2211 ln
639 2123 731 2212 tine
773 2121 1070 2241 praefationis
1114 2119 1253 2210 venia
1289 2086 1404 2210 inihi
1439 2121 1642 2238 petenda
1678 2139 1772 2228 est,
1836 2125 1963 2242 quod
1998 2155 2073 2221 req

375 2294 590 2399 tardato,
634 2321 719 2412 pcr
754 2295 884 2385 varia
918 2294 1271 2414 impedimenta,
1321 2296 1462 2402 hujus
1498 2296 1652 2412 operis
1686 2296 1735 2385 in
1769 2297 1923 2387 lucem
1959 2326 2070 2418 pro·

375 2493 534 2574 cestu,
594 2466 763 2586 passim
808 2468 927 2559 sorte
968 2468 1178 2586 proprias
1224 2456 1566 2572 observationes
1608 2494 1692 2586 pro
1728 2471 1863 2558 novis
1898 2474 2067 2579 tradat,

374 2666 491 2759 quar
523 2640 705 2732 interim
740 2659 1139 2761 praeoccuparunt
1174 2640 1283 2742 alii,
1318 2640 1402 2758 qui
1435 2659 1544 2758 post
1578 2668 1649 2731 me
1687 2639 1903 2734 Naturam
1939 2671 2070 2739 scru-

371 2814 461 2905 tati
496 2826 638 2929 snot3
673 2812 828 2907 Multa
863 2815 1001 2907 etiam
1036 2817 1185 2906 minus
1219 2814 1369 2932 polita
1406 2839 1489 2907 seu
1526 2815 1793 2935 inperfecta
1829 2817 1957 2911 senio
1991 2820 2069 2911 in·

371 2987 664 3110 gravescenti
698 3005 748 3079 ct
780 2989 1114 3084 infirnutatibus
1149 2989 1319 3109 quibus
1354 2988 1515 3083 laboro
1548 2989 1874 3102 condonanda,
1911 3020 2066 3115 aequo

371 3160 526 3270 iudice
561 3160 703 3255 facilc
739 3165 902 3291 expeti
936 3188 1073 3284 posse
1109 3181 1242 3284 puto.
