4410 5910
1046 274 1190 321 ““--“·“··“
1860 274 1952 356 449

693 506 778 596 88.
868 501 913 590 T
940 501 982 591 U
1010 503 1049 589 R
1078 502 1121 588 D
1150 499 1248 588 US
1321 504 1527 591 varius,

407 648 460 728 T.
489 643 605 729 fusco
632 646 824 758 flavoque
858 644 1125 729 transversim
1155 643 1319 740 varius,
1359 644 1605 729 rectricibus
1634 643 1951 748 virescentibus,

267 792 387 911 apice
416 795 536 879 albis.

401 954 520 1032 Hanc
563 948 768 1062 speciem,
810 946 921 1031 mihi
961 980 1046 1033 non
1089 948 1293 1047 oblatam,
1336 976 1359 1029 e
1406 949 1488 1029 fide
1530 950 1750 1031 Gmelini
1790 980 1872 1032 ren.
1910 972 1954 1032 et

263 1100 477 1184 Stelleri
505 1099 667 1196 insero,
709 1098 778 1212 qui
810 1099 930 1183 illam
958 1101 1003 1182 in
1033 1097 1282 1216 alpestribus
1329 1097 1528 1200 Sibiriae,
1574 1099 1688 1213 prior
1717 1099 1953 1214 Krasnojari

265 1253 317 1334 ad
345 1249 576 1353 Jeniseam,
608 1252 713 1333 alter
740 1251 852 1334 circa
880 1251 1101 1363 Bargusin,
1139 1253 1410 1334 observarunt
1437 1271 1480 1331 et
1507 1250 1829 1363 descripserunt.

397 1404 572 1486 Descr.
630 1407 850 1506 „Rostrum
876 1402 1061 1515 nigrum,
1105 1402 1196 1486 basi
1233 1430 1402 1501 carnea3
1447 1399 1589 1513 anguli
1617 1400 1700 1482 oris
1728 1403 1950 1486 latescunt.

262 1554 427 1663 „Caput
454 1575 497 1635 et
526 1586 671 1668 corpus
699 1586 820 1667 supra
850 1576 987 1637 totum
1015 1557 1122 1636 flavo
1151 1552 1354 1665 nigroque
1396 1551 1682 1667 pulcherrime
1712 1554 1847 1656 varia,
1891 1553 1952 1635 ita

262 1727 338 1807 „ut
365 1705 532 1818 plumae
563 1707 700 1787 fuscae
729 1705 917 1817 singulae
953 1703 1136 1788 taeniola
1178 1733 1319 1784 versus
1362 1704 1526 1817 apicem
1567 1703 1786 1787 latiuscula
1828 1707 1951 1787 ssave·

261 1878 457 1958 „scente,
486 1855 586 1940 dein
614 1886 687 1938 ora
714 1857 834 1967 nigra
862 1853 1074 1940 notentur.
1144 1860 1285 1937 Genae
1319 1858 1446 1939 ductu
1475 1853 1609 1965 nigro.
1680 1859 1787 1940 Gula
1816 1858 1948 1954 albet3

262 2014 443 2111 „collum
483 2008 694 2117 jugulum,
739 2027 898 2120 pectam,
941 2005 1284 2120 hyporhondria,
1329 2031 1373 2090 et
1400 2017 1569 2093 crissum
1606 2010 1713 2090 flavo
1743 2006 1948 2120 nigroque

260 2155 557 2260 „transversim
586 2156 719 2259 varia,
750 2158 904 2270 plumis
933 2158 1085 2242 itidem
1114 2163 1221 2241 flavo
1251 2158 1452 2261 fasciatiS,
1490 2189 1561 2243 ora
1589 2156 1803 2240 terminali
1832 2155 1950 2268 nigra

262 2307 523 2411 „fimbriatis
582 2310 727 2391 cancta
763 2327 809 2411 14
837 2309 1007 2425 pennu,
1053 2342 1225 2423 quarum
1254 2328 1293 2413 4.
1323 2308 1490 2392 mediae
1517 2332 1655 2407 totae,
1697 2331 1781 2392 tres
1807 2305 1947 2421 proxi·

261 2487 383 2563 „mae
411 2481 575 2542 tantum
602 2459 693 2542 basi
720 2461 1028 2564 flavo-virent,
1073 2485 1116 2545 et
1145 2463 1285 2575 apice,
1330 2461 1491 2544 extima
1520 2491 1621 2545 vero
1663 2462 1791 2544 etiam
1833 2480 1948 2541 exte·

260 2608 393 2710 „rius,
424 2639 563 2693 versus
595 2612 931 2709 extremitatem,
978 2615 1139 2696 macula
1168 2612 1469 2710 flavo-viridi,
1499 2612 1658 2696 unciali
1686 2635 1846 2710 notata3
1877 2641 1947 2693 ex·

256 2759 416 2858 „timae
447 2763 619 2845 demum
647 2764 915 2847 extremitate
944 2764 1253 2860 flavo-virent,
1282 2762 1373 2846 basi
1397 2763 1561 2874 nigrae,
1592 2792 1818 2875 omnesque
1840 2793 1947 2845 sum-

257 2912 434 3012 „mirate
463 2913 682 2995 candidae.
756 2918 862 2999 Alae
890 2915 1194 3027 nigrescentes,
1224 2914 1366 2998 limbis
1395 2914 1734 3012 flavescentibus;
1777 2914 1946 2997 brachia

256 3094 408 3178 „supra
435 3067 570 3164 fusca,
601 3065 710 3145 flavo
738 3088 956 3178 punctata,
984 3070 1126 3150 subtus
1155 3066 1269 3167 alba,
1308 3063 1494 3176 margine
1523 3068 1652 3148 susce.
1709 3066 1872 3147 Pondus
1901 3082 1944 3164 4}

255 3213 519 3319 „unciarum
590 3217 821 3324 Longitudo
868 3215 956 3299 avis
984 3249 1007 3299 a
1036 3247 1198 3299 summo
1226 3240 1358 3301 rostro
1400 3218 1453 3297 ad
1494 3238 1725 3298 extremam
1767 3219 1943 3299 caudam

260 3368 396 3467 „103¹st
438 3370 570 3451 cauda
614 3372 676 3470 4⁸.
721 3368 789 3450 6''‘.
860 3376 908 3450 In
949 3366 1184 3451 ventriculo
1219 3365 1379 3450 semina
1407 3367 1521 3451 varia
1549 3389 1590 3450 et
1619 3366 1760 3450 nuclei
1788 3366 1904 3449 Padi.
1915 3384 1942 3422 “

254 3518 348 3600 Gm
364 3524 494 3603 elin.

660 3663 743 3773 89.
851 3657 896 3746 T
923 3661 965 3746 U
994 3660 1033 3747 R
1061 3659 1104 3745 D
1133 3659 1175 3745 U
1204 3658 1232 3744 S
1306 3659 1536 3746 tllcrula.

389 3805 440 3882 T.
471 3799 709 3902 aterrimus,
740 3822 873 3885 rostro
902 3800 1197 3915 palpebrisque
1226 3800 1475 3883 flavissinus.
1532 3803 1619 3881 Lin.
1650 3823 1755 3912 syst.
1784 3808 1878 3887 XII.
1902 3808 1939 3888 1.

251 3982 352 4066 pag.
384 3964 475 4056 295.
505 3982 567 4061 sp.
599 3985 663 4034 22.

472 4101 637 4183 Merula
666 4103 910 4203 Auctorem,
956 4103 1094 4186 silbin.
1139 4134 1203 4184 αυ.
1247 4103 1332 4189 tab.
1362 4117 1428 4212 37.
1472 4107 1623 4188 Friscb.
1655 4138 1719 4189 av.
1759 4107 1938 4213 tabcg.

514 4253 598 4361 fig.
636 4287 668 4332 1.
701 4287 737 4332 a.
780 4255 1009 4336 D’Aubeut.
1038 4263 1135 4366 pict.
1165 4254 1249 4335 tub.
1280 4289 1316 4335 a.

363 4400 563 4486 Polonice
579 4423 621 4483 et
641 4402 862 4486 Slavonice
876 4406 994 4487 Koss.
1026 4402 1168 4486 Rossis
1186 4405 1404 4489 Trclzernoi
1424 4408 1562 4492 Drosd
1590 4407 1730 4519 (niger
1739 4411 1937 4519 Turdus).

388 4558 437 4635 In
467 4551 639 4635 Rossiae
671 4553 917 4665 praesertim
944 4552 1285 4638 occidentalioris
1313 4556 1442 4667 sylvis
1471 4580 1513 4640 et
1543 4589 1671 4670 usque
1695 4562 1746 4641 ad
1763 4566 1936 4643 Kamam

249 4706 394 4805 datur,
437 4703 631 4815 frequens
672 4701 801 4785 etiam
841 4703 887 4785 in
928 4702 1062 4787 hortis
1091 4727 1135 4787 et
1162 4706 1401 4790 nemoribus
1430 4708 1633 4792 Tauricae
1663 4708 1934 4809 Chersonesi3

1470 4872 1520 4965 57
