4410 5910
253 464 315 553 '4⁸
1010 466 1161 517 a

256 668 481 770 dissimum,
511 700 584 754 ora
609 667 904 782 palpebrarum
929 665 1068 780 nigra3
1108 687 1156 751 et
1194 670 1322 751 oliam
1360 661 1512 748 tribus.
1531 658 1671 751 lituris
1695 660 1941 747 rufescenn·

253 824 341 923 bus,
383 848 537 934 nempe
564 849 687 932 supra
714 815 923 933 scapulas,
964 817 1012 902 in
1040 817 1183 902 medio
1213 813 1326 911 dorsi
1352 837 1397 900 et
1421 844 1543 932 supra
1569 815 1756 916 lumbos,
1798 810 1942 927 capite

253 970 377 1056 simul
390 1001 446 1056 ex
468 972 566 1055 albo
579 971 849 1071 -rufescente,
880 969 1048 1053 auribus
1073 966 1165 1051 basi
1194 965 1313 1069 albis,
1340 969 1442 1052 dein
1455 964 1824 1067 dimidiato-rufis,
1854 959 1940 1089 api·

253 1152 302 1207 oe
329 1123 475 1235 nigris,
513 1119 692 1235 pedibus
721 1120 872 1204 anticis
898 1118 1223 1218 mlescentibus,
1266 1140 1456 1203 extremo
1485 1112 1855 1231 longitudinaliter
1877 1110 1945 1199 ni·.

253 1273 357 1385 gris,
393 1270 570 1386 posticis
603 1271 809 1384 posterius
845 1301 922 1386 per
972 1268 1284 1383 longitudinem
1317 1264 1938 1382 ferrugineo-luscescentibus.

253 1427 340 1507 cet.
368 1423 747 1507 Grildenstoedt
784 1451 917 1537 prope
958 1420 1096 1503 Kislar
1135 1419 1181 1502 in
1221 1419 1416 1504 cuniculo
1444 1442 1611 1534 captam
1637 1438 1818 1503 matrem
1843 1444 1941 1501 cum

254 1600 328 1657 sex
356 1571 591 1687 vulpeculis
619 1573 870 1677 observavit,
911 1590 1088 1687 'quarum
1114 1602 1198 1654 una
1225 1592 1316 1655 tota
1339 1573 1527 1686 perfecte
1555 1567 1735 1656 candida
1762 1589 1810 1652 et
1836 1596 1941 1681 maa.

254 1723 387 1807 culini
414 1755 536 1810 sexus
564 1725 660 1810 fuit.
717 1730 851 1809 Hasce
880 1726 993 1808 albas
1020 1723 1181 1838 Vulpes
1211 1723 1321 1808 male
1350 1752 1445 1807 cum
1484 1723 1533 1809 C.
1569 1728 1741 1835 Lagopo
1766 1718 1938 1805 confim-

252 1874 318 1959 dit
341 1881 488 1962 Leem
519 1880 673 1961 Nocbr.
700 1910 782 1961 von
808 1878 1018 1989 Laplond,
1058 1908 1099 1990 p.
1136 1909 1223 1959 roa.
1254 1927 1303 1941 -
1345 1879 1445 1958 Non
1472 1874 1608 1958 solum
1636 1893 1779 1957 autem
1803 1890 1939 1955 totam

251 2026 450 2111 Sibiriam
488 2056 620 2141 usque
661 2030 715 2112 ad
755 2027 1005 2113 orientalem
1043 2028 1260 2112 Oceanum
1299 2024 1486 2141 pervasit
1522 2023 1728 2138 Vulpium
1761 2022 1937 2136 species,

252 2177 484 2263 sedetiam
510 2176 556 2262 in
584 2179 830 2265 Americam
868 2184 926 2290 (·)
951 2177 1141 2281 transiit,
1187 2199 1235 2261 et
1260 2177 1362 2264 inde
1389 2208 1464 2293 per
1491 2198 1683 2284 catenam
1707 2172 1941 2260 insulamn

250 2328 541 2441 promontorio
580 2332 764 2419 Alaeska
792 2329 1135 2415 continuatarum
1169 2326 1375 2432 excurrit,
1416 2327 1563 2443 ibique
1598 2325 1704 2411 mim
1734 2320 1938 2439 multipli-

252 2498 345 2560 cata
371 2500 457 2562 est:
483 2501 530 2564 et
555 2480 710 2565 mirum
733 2480 780 2565 in
809 2487 936 2565 Novo
963 2483 1079 2566 Orbe
1106 2502 1153 2564 et
1178 2479 1271 2565 istis
1294 2487 1455 2577 insulis,
1482 2509 1583 2592 quas
1610 2480 1813 2596 Vulpinos
1838 2474 1937 2559 ideo

252 2627 376 2712 Rossi
415 2632 752 2745 appellaverunt,
793 2633 890 2746 plus
927 2633 1017 2714 fere
1051 2633 1239 2717 abundat
1273 2630 1453 2714 varietas
1480 2629 1600 2743 nigra
1626 2652 1672 2714 et
1697 2626 1936 2742 seminigrn.

251 2807 377 2890 quam
405 2780 545 2884 rutila,
575 2786 650 2867 sed
676 2813 772 2866 cum
800 2805 954 2867 statura
981 2789 1150 2895 majore,
1180 2780 1351 2867 velleris
1378 2804 1567 2867 naturam
1595 2779 1778 2866 mutarit
1804 2779 1853 2865 in
1866 2778 1937 2863 tlu-

253 2927 407 3013 riorem
429 2956 479 3016 et
505 2937 664 3037 rudem,
709 2932 799 3019 si've
826 2934 873 3019 id
900 2967 926 3018 a
952 2935 1213 3020 nutrimento
1239 2934 1286 3018 in
1313 2933 1554 3036 maritimis,
1599 2935 1669 3018 vel
1695 2936 1748 3017 ab
1776 2929 1936 3017 babita-

252 3077 370 3165 tione
406 3083 518 3169 inter
553 3115 676 3201 rupes
718 3084 995 3170 derivandum
1033 3086 1103 3170 sit.
1172 3085 1281 3169 Hinc
1322 3087 1481 3199 Vulpes
1522 3082 1666 3196 nigrae
1706 3083 1936 3181 insulanae,

250 3260 357 3345 quae
384 3260 549 3350 praeter
576 3240 735 3323 caudae
764 3237 949 3352 apicem,
978 3240 1227 3353 plerumque
1255 3237 1351 3320 alba
1377 3237 1542 3321 macula
1568 3235 1616 3321 in
1656 3236 1772 3351 gula,
1814 3256 1938 3346 saepo

250 3407 293 3467 et
332 3384 379 3470 in
418 3411 565 3474 ventre
608 3396 675 3501 (ut
701 3413 746 3474 et
773 3390 918 3501 nigrae
944 3388 1171 3496 Sibiricae)
1211 3409 1380 3472 notatae
1406 3409 1522 3489 sunt,
1563 3386 1610 3471 in
1638 3385 1787 3472 Rossia
1812 3387 1938 3500 plane

251 3566 334 3621 non
375 3541 669 3643 aestimantur,
714 3544 791 3625 sed
830 3543 1069 3625 venduntur
1109 3537 1353 3622 Sinensibus
1390 3536 1545 3623 minori
1584 3539 1718 3623 multo
1758 3534 1938 3652 praetio.

250 3692 413 3773 Desunt
441 3713 581 3773 autem
608 3694 768 3807 Vulpes
795 3694 842 3774 in
868 3691 1017 3777 insulis
1046 3686 1366 3775 Camtschatcae
1393 3687 1672 3803 propioribus,
1700 3687 1776 3774 ubi
1794 3708 1940 3775 contre

252 3839 411 3953 Lagopi
439 3842 665 3926 abundant.
723 3840 950 3927 Rarissime
978 3841 1088 3927 inter
1116 3839 1216 3925 istas
1244 3838 1516 3928 Amerinam
1556 3861 1782 3932 occurrunt
1807 3838 1939 3925 etim

329 4063 385 4153 (*)
415 4064 551 4157 Vulpes
577 4092 753 4141 consensu
794 4079 952 4144 omnium
992 4076 1288 4142 Americanorunr
1327 4073 1593 4166 (orientalium)
1619 4082 1703 4144 ante
1728 4076 1939 4163 Europaeo·

402 4208 480 4253 rum
510 4190 706 4260 adventum
732 4200 768 4261 in
795 4200 960 4263 Amerina
985 4216 1057 4279 non
1082 4194 1210 4279 adfuit,
1239 4201 1279 4261 ut
1307 4194 1484 4282 inquilina
1509 4202 1585 4289 ejus
1610 4196 1831 4265 continentis
1859 4210 1939 4283 spe·

403 4315 478 4376 cies
511 4316 665 4383 cinerea.
732 4310 895 4384 Kalmio
929 4316 1111 4384 referebat
1134 4312 1338 4385 Barlaamus
1364 4314 1514 4405 aliique,
1555 4318 1601 4385 ab
1626 4317 1853 4384 Americania
1876 4331 1938 4381 aa·

403 4430 513 4498 diisse
541 4452 597 4497 se:
636 4433 775 4523 Vulpes
802 4434 898 4502 rufae
926 4458 996 4503 non
1022 4441 1073 4505 ita
1099 4436 1208 4525 longo
1235 4434 1364 4503 abhinc
1390 4443 1558 4526 tempore
1584 4437 1788 4520 advenisse,
1827 4430 1939 4527 paulo

400 4558 486 4641 post
525 4552 720 4620 adventurn
760 4560 1045 4645 Europaeorum,
1086 4557 1297 4646 rigidissima
1331 4564 1420 4625 tunc
1458 4555 1588 4647 hyeme
1626 4561 1830 4641 existente,
1869 4569 1939 4643 qut

404 4694 503 4739 rnare
543 4696 670 4741 versus
703 4679 992 4764 Septentrionem
1019 4681 1137 4742 totum
1170 4676 1286 4764 glacie
1313 4677 1466 4765 rigidum
1505 4678 1624 4746 fuerit.
1650 4716 1686 4730 ·
1728 4670 1936 4745 verosimil-

399 4796 487 4862 lime
512 4801 636 4863 tamen
663 4800 699 4864 in
726 4794 1014 4864 occidentalibus
1040 4800 1229 4864 Americee
1253 4800 1327 4888 jam
1359 4797 1497 4865 dudum
1529 4802 1688 4887 speciem
1719 4794 1936 4886 multiplior-

404 4923 501 4998 runt,
541 4938 635 5004 quae
661 4919 711 4986 ibi
736 4937 927 4987 numerosa
952 4923 1009 4989 est
1030 4925 1073 4987 et
1097 4919 1134 4983 in
1159 4917 1292 4985 insulas
1318 4924 1440 5009 potuit
1464 4918 1663 4989 transferri.
