4410 5910
1025 340 1174 404 ΕΞ
1859 341 1945 444 321

249 554 432 648 Uniolae
464 541 730 674 paniculatae
770 553 904 641 vitam
947 567 1194 643 sustentans.
1221 591 1273 618 -2
1315 551 1428 639 Vere
1467 549 1630 672 primo,
1673 555 1749 644 vix
1789 549 1951 650 tardius

250 709 483 799 Emberizis
511 707 748 813 nivalibus,
791 712 868 794 sub
902 711 1030 795 finem
1057 704 1305 812 Februarii,
1354 679 1517 824 perque
1546 708 1749 796 Martium
1777 743 1951 828 congres

250 885 348 979 gata
374 861 515 979 parvis
540 859 787 951 cohortibus
817 889 957 943 versus
987 857 1163 942 arcticus
1204 882 1335 944 terras
1365 859 1544 975 migrat,
1589 864 1664 949 ubi
1694 889 1851 951 aestate
1880 895 1951 954 co·

249 1013 369 1132 piose
398 1012 603 1099 nidificat.
673 1019 728 1097 Et
756 1011 840 1098 hae
866 1012 1086 1110 boreales,
1124 1011 1381 1099 continuatis
1417 1013 1464 1097 in
1492 1015 1647 1130 frigida
1676 1019 1850 1131 regione
1880 1048 1950 1134 ge⁶

250 1163 538 1252 nerationibus
567 1163 721 1252 faciem
749 1159 958 1249 diversam
985 1163 1233 1269 induerunt,
1264 1173 1464 1280 majores,
1493 1168 1638 1253 colore
1666 1166 1947 1284 pulchriores,

250 1315 511 1453 intensiore,
540 1317 735 1430 colloque
764 1319 907 1408 subtus
934 1320 1056 1401 davo.
1113 1324 1173 1401 At
1200 1316 1246 1401 in
1274 1285 1484 1403 montanis
1504 1320 1773 1407 Uralensium
1800 1321 1949 1407 totius-

252 1499 335 1585 que
364 1466 543 1553 Sibiriae
571 1467 735 1583 alpibus
762 1492 981 1554 remanent
1006 1471 1170 1585 plures,
1202 1470 1387 1557 maxime
1411 1470 1456 1554 in
1478 1472 1665 1555 Dauuria
1692 1476 1948 1589 frequentes,

252 1647 360 1736 quae
389 1619 453 1705 ibi
481 1643 525 1707 et
553 1621 797 1705 nidulantur
809 1683 823 1721 ,
869 1644 913 1706 et
941 1620 1150 1706 constanti
1177 1632 1375 1708 varietate
1402 1625 1530 1739 paulo
1560 1622 1767 1728 minores,
1805 1627 1949 1711 colore

254 1771 506 1873 dilutiores,
534 1772 744 1859 flavadino
767 1773 890 1870 >omni
918 1772 1171 1871 destitutae,
1200 1773 1421 1886 nigredine
1463 1775 1567 1859 colli
1602 1798 1647 1858 et
1691 1776 1840 1860 frontis
1869 1775 1947 1862 mi⁴

252 1955 329 2010 nus
355 1926 441 2009 lata
467 1946 637 2009 notatae
664 1946 773 2008 sunt.
830 1930 913 2007 Has
941 1905 1428 2009 Messarsclrmidius
1471 1930 1577 2034 (var.
1606 1934 1671 2041 β.)
1713 1926 1813 2010 anni
1841 1950 1946 2012 tem·

251 2105 355 2192 pore
383 2074 563 2184 variasse
591 2075 803 2178 credidit,
833 2098 877 2159 et
906 2078 1031 2161 flavas
1061 2096 1261 2159 autumno
1290 2075 1402 2174 fieri,
1432 2076 1533 2190 quia
1561 2080 1637 2164 sub
1666 2076 1750 2162 hoc
1778 2102 1947 2192 tempus

252 2227 386 2340 magis
414 2231 628 2312 abundant
655 2230 812 2324 flavae,
856 2255 879 2309 e
915 2226 1157 2310 borealibus
1192 2250 1292 2312 tunc
1335 2228 1622 2312 adventantes.
1694 2227 1745 2312 In
1772 2227 1947 2331 Dauria,

251 2379 327 2465 abi
356 2403 528 2494 utraque
557 2377 736 2465 varietas
776 2375 934 2492 hyeme
978 2378 1174 2492 frequens
1216 2381 1478 2481 observatur,
1522 2410 1654 2496 usque
1691 2381 1745 2464 ad
1773 2378 1948 2466 initium

253 2528 402 2616 Martii
443 2526 655 2616 distinctis
694 2531 843 2617 turmis
885 2519 1054 2614 volant:
1087 2535 1241 2641 flavae
1283 2530 1502 2640 (arcticae)
1546 2535 1735 2647 pondere
1775 2531 1948 2618 unciam
1990 2581 1994 2591 ·

189 2753 198 2767 .
251 2702 349 2766 cum
377 2682 517 2797 sesqui
547 2682 749 2768 drachma
775 2684 903 2794 vulgo
933 2703 1179 2795 aequantes;
1216 2682 1336 2768 albae
1365 2683 1571 2797 (alpinae)
1601 2681 1677 2767 vix
1705 2685 1837 2787 ultra,
1867 2683 1947 2768 im⁴

252 2862 324 2917 mo
352 2861 478 2947 saepe
506 2832 615 2917 inira
642 2833 831 2929 unciam,
872 2862 977 2916 voce
1018 2831 1147 2914 etiarn
1186 2833 1405 2946 paululum
1449 2833 1613 2917 diversa
1642 2837 1946 2947 agnoscendae.v

251 2989 343 3069 Hae
371 2982 527 3069 nullibi
555 2981 837 3099 copiosiores,
873 3011 999 3094 quam
1040 2980 1086 3066 in
1129 2981 1340 3067 montanis
1382 2982 1494 3066 circa
1536 2981 1783 3093 lljachtam3
1831 2984 1946 3070 cirea
2054 2974 2056 2977 ⁵

250 3136 435 3249 Volgam
463 3157 506 3220 et
533 3136 738 3220 Uralense
774 3142 919 3248 jugum
957 3132 1217 3236 rarissimae,
1256 3128 1331 3215 ubi
1360 3156 1506 3217 contra
1534 3131 1726 3246 hyemali
1750 3156 1945 3251 tempore

252 3286 467 3370 abundant
494 3289 639 3374 flavae.
697 3295 871 3402 Propter
898 3284 1083 3399 regionis
1110 3311 1264 3399 nempe
1291 3285 1544 3400 temperiem
1573 3307 1618 3369 et
1643 3284 1945 3370 altissimorum

251 3437 463 3523 montium
491 3440 730 3543 defectum,
761 3438 806 3522 in
834 3437 903 3522 his
932 3434 1174 3551 regionibus
1202 3439 1291 3521 fere
1318 3465 1467 3520 omnes
1497 3438 1550 3520 ad
1575 3438 1750 3521 boream
1773 3439 1943 3539 abeunt,
2039 3494 2042 3499 .

251 3592 328 3675 ubi
354 3590 619 3706 prolificant,
664 3620 821 3704 paucae
839 3660 846 3683 ,
861 3612 1026 3673 tantum
1067 3589 1345 3673 adsueverunt
1379 3586 1425 3670 in
1453 3586 1661 3672 montanis
1691 3585 1945 3700 australiori·

248 3743 329 3826 bus
357 3723 521 3855 prolem
549 3742 756 3840 educare,
781 3739 857 3827 ubi
885 3738 1039 3824 faciem
1065 3748 1276 3824 varietatis
1303 3746 1346 3836 β.
1375 3738 1615 3823 induerunt.
1639 3786 1702 3806 --·
1729 3745 1779 3820 In
1808 3738 1944 3823 subal·

249 3889 364 4006 pinis
393 3889 561 3976 Persiae
589 3892 863 3991 varietatem,
902 3889 1066 3976 ibidem
1108 3889 1197 3974 sine
1240 3888 1370 3974 dubio
1408 3888 1596 4003 genitam
1624 3896 1669 3973 et
1697 3920 1720 3971 a
1747 3889 1844 3973 loco
1872 3889 1943 3973 ad·

251 4039 336 4126 huc
365 4041 498 4155 magis
534 4067 737 4129 mutatam
780 4043 955 4155 collegit
999 4045 1256 4127 Gmels'nus
1277 4046 1363 4159 jan.
1397 4039 1444 4125 in
1484 4070 1566 4155 qua
1605 4040 1722 4123 nulla
1761 4041 1941 4138 flavado,

251 4196 329 4278 sed
355 4193 533 4307 nigredo
561 4193 663 4277 colli
691 4195 825 4277 multo
853 4193 979 4277 latius
1017 4193 1170 4276 diffusa
1211 4215 1255 4275 et
1295 4190 1510 4277 cornicula
1549 4187 1836 4306 supraciliaria
1876 4188 1941 4274 in·

251 4343 436 4458 signiora
463 4373 589 4456 quam
614 4343 661 4428 in
695 4346 782 4429 ulla
823 4344 918 4428 alia.
940 4391 997 4409 -·
1036 4350 1085 4426 In
1114 4340 1265 4426 Rossia
1305 4341 1660 4446 occidentaliore,
1705 4373 1745 4424 v.
1775 4366 1836 4453 gr.
1864 4347 1939 4424 Pe·

249 4494 434 4609 tropoli,
477 4494 552 4579 ubi
580 4497 742 4582 Ember.
772 4504 927 4581 nivales
953 4492 1124 4609 copiose
1154 4495 1400 4610 capiuntur,
1445 4493 1654 4577 rarissime
1697 4483 1942 4577 observatur

250 4647 422 4733 Alauda
450 4655 618 4743 nivalis3
647 4646 736 4730 visa
763 4669 908 4730 tamen
937 4646 1133 4750 subinde,
1164 4646 1253 4730 imo
1280 4646 1326 4730 in
1348 4647 1541 4731 Borussia
1571 4647 1791 4729 observata
1808 4647 1848 4726 K
1856 4651 1939 4730 lei·

251 4806 360 4908 aia,
390 4828 516 4916 quam
542 4798 619 4888 ills
648 4828 703 4885 ex
732 4797 926 4886 America
958 4798 1096 4885 ventis
1125 4800 1319 4886 adflatam
1347 4795 1552 4902 credidit,
1582 4817 1626 4882 et
1652 4796 1938 4909 (instemmat.

1469 4963 1522 5036 66
