4410 5910
1024 362 1172 418 ff·-
1851 366 1940 448 503

252 564 390 652 minus
417 552 696 680 long‘a'qusm
725 555 770 646 in
798 550 1322 679 praecedenti,·aequslis:
1366 563 1564 651 rectrices
1593 556 1759 681 nigrae,
1802 586 1843 648 at
1871 594 1943 647 ex-

250 719 381 802 timae
409 718 603 830 utrinque
651 715 845 817 salbas,
890 706 1117 798 interius'a
1156 716 1246 801 basi
1287 720 1460 832 oblique
1500 719 1669 832 nigrae;
1711 718 1758 802 in
1800 713 1946 799 multis

252 871 459 954 secundae
488 866 664 982 nigredo
693 860 825 949 etiam
851 886 971 948 extra
1000 896 1169 980 scapum
1208 870 1441 954 descendit.
1511 873 1705 953 Rostrum
1746 870 1944 984 pedesque

249 1017 437 1132 nigrent3
480 1006 681 1101 vibrissae
721 1016 794 1099 vix
836 1014 1069 1116 notabiles,
1113 1047 1232 1100 nares
1260 1019 1446 1133 perviae.
1515 1021 1643 1103 Pedes
1670 1016 1944 1132 proceriores,

251 1199 378 1284 quarn
406 1165 718 1283 praecedentis,
748 1164 880 1250 tibiae
910 1165 1141 1251 obsoletius
1170 1169 1385 1255 loricatae.
1456 1173 1617 1282 Unguis
1644 1168 1829 1283 posticus
1858 1166 1945 1248 lon·

252 1321 364 1433 glor,
405 1349 532 1433 quam
559 1316 605 1400 in
633 1315 800 1399 Alauda
828 1317 999 1399 arborea
1029 1339 1259 1402 auctorum.
1333 1325 1471 1433 Digiti
1508 1323 1651 1403 subtus
1680 1321 1945 1401 lutescentes.

252 1472 414 1584 Unguis
442 1468 626 1583 poeticus
655 1464 903 1580 oblong'atus
933 1463 1033 1550 huic
1062 1490 1106 1549 et
1134 1475 1431 1584 praecedente.
1496 1472 1660 1553 Pondus
1690 1465 1972 1551 semunciale'

248 1620 296 1707 in
324 1619 507 1705 maribus
547 1619 742 1732 scrupulo
784 1647 868 1701 uno
912 1639 956 1699 et
985 1619 1116 1700 altero
1145 1652 1361 1736 superare,
1402 1621 1448 1703 in
1478 1617 1665 1704 foemina
1692 1619 1830 1700 minus
1859 1645 1946 1698 esse

252 1772 376 1857 solet.
432 1773 624 1855 Mensura
652 1789 848 1851 extensae
878 1766 966 1851 avis
1003 1770 1056 1851 ad
1098 1771 1351 1884 uropygium
1379 1784 1438 1856 δ”.
1475 1779 1569 1853 ιο”’.
1598 1770 1755 1853 caudae
1786 1775 1845 1850 n‘'.
1875 1770 1945 1851 u'¹'.

254 1922 414 2008 alarum
442 1924 717 2035 expansarum
744 1920 805 2024 9⁰.
836 1920 906 2003 5⁴²2
949 1918 1072 2001 ulnae
1115 1922 1177 2005 δ”.
1220 1921 1344 2004 rostri
1367 1921 1434 2029 ⁴7“.
1462 1916 1663 2003 tibiarum
1698 1920 1790 2002 11'“.
1821 1913 1947 2027 digiti

250 2069 382 2157 antici
411 2069 543 2154 medii
578 2072 672 2151 lom.
701 2067 857 2182 postici
899 2072 1018 2179 (cum
1044 2098 1184 2182 ungue
1212 2076 1322 2182 lgm.)
1351 2080 1439 2171 bem.
1510 2066 1715 2152 Sibiricae
1756 2088 1802 2150 et
1828 2062 1946 2149 rossi·

251 2250 326 2307 cae
349 2249 445 2304 aves
468 2217 674 2334 plurimae
689 2221 892 2322 collatae,
920 2248 998 2333 per
1010 2218 1153 2302 omnia
1173 2216 1276 2304 huic
1297 2218 1606 2304 adumbrationi
1625 2217 1948 2334 respondebant.

391 2372 433 2453 N
441 2389 539 2454 oto.
594 2374 662 2452 Ex
689 2369 906 2485 proposito
934 2365 1062 2451 hasce
1099 2367 1283 2453 aviculas
1324 2346 1567 2485 descripsi(
1587 2392 1634 2451 ut
1663 2366 1823 2481 speeies
1851 2395 1947 2448 cou-

252 2522 468 2619 sisterent;
496 2518 655 2603 etenim
684 2519 999 2604 Motacillarum
1027 2518 1271 2603 flaventium
1299 2518 1421 2629 hujus
1447 2518 1664 2603 affinitatis
1690 2523 1949 2603 Linnoeus

252 2704 352 2760 cum
380 2667 684 2785 antiquioribus
712 2690 875 2755 tautum
927 2668 1068 2768 binas,
1109 2673 1417 2759 Brissonius
1443 2693 1547 2774 tres,
1589 2699 1670 2788 ego
1709 2699 1810 2753 vero
1851 2697 1949 2785 qua·

255 2844 351 2908 tuor
378 2819 662 2905 distinximus.

331 2989 454 3085 137.
544 2978 1049 3075 moruerunt
1122 2960 1443 3076 orr'rrneua.
1495 2984 1657 3075 raa.
1696 2982 1875 3077 xxxi.

262 3180 265 3187 -
391 3128 453 3206 M.
483 3123 606 3207 dorso
635 3126 944 3210 coerulescente
960 3128 1128 3225 -lusco,
1163 3127 1305 3243 capite
1334 3133 1561 3242 subtusque
1591 3148 1680 3210 tota
1708 3121 1949 3213 flavissima,

253 3271 502 3362 rectricibus
529 3271 820 3387 inaequalibus
848 3270 1019 3360 extimis
1048 3276 1175 3379 albis,
1215 3279 1402 3392 margine
1431 3275 1633 3362 interiore
1661 3272 1805 3388 nigris.

475 3425 642 3508 Yellow
670 3421 835 3510 headed
865 3427 1076 3539 Wagtail,
1118 3432 1308 3514 Lothom.
1338 3461 1432 3541 syn.
1460 3430 1533 3511 W.
1563 3460 1604 3540 p.
1632 3444 1728 3531 4⁰¹·
1756 3455 1796 3506 n.
1826 3459 1866 3532 7.

476 3575 696 3660 Motacilla
726 3574 864 3690 capite
893 3599 937 3660 et
965 3600 1110 3661 ventre
1138 3583 1270 3685 llavo,
1301 3584 1425 3666 dorso
1456 3577 1654 3680 cinereo,
1684 3578 1854 3661 Gmelin.
1867 3604 1951 3660 sen.

530 3728 638 3810 Mus.
669 3728 871 3842 Petropol.
901 3731 936 3809 Ι.
974 3762 1014 3842 p.
1046 3744 1137 3838 379.
1166 3763 1206 3815 n.
1238 3745 1332 3838 298.

476 3874 696 3963 Motacilla
722 3875 922 3979 citreolb,
951 3881 1059 3964 Part.
1089 3890 1177 3965 itin.
1204 3883 1282 3966 Ill.
1311 3880 1489 3996 append.
1517 3911 1559 3995 p.
1588 3889 1682 3985 696.
1713 3909 1753 3960 u.
1789 3893 1850 3977 14.

367 4029 512 4115 Rossis
539 4029 586 4113 in
613 4025 766 4112 Sibiria
801 4029 1091 4113 Tressutscblso
1118 4032 1405 4145 (quassatrix).

407 4176 727 4296 Copiosissimas
766 4201 810 4263 et
847 4175 1153 4293 pulcherrimae
1199 4177 1322 4292 hujus
1362 4179 1524 4296 speciei
1566 4208 1661 4264 aves
1703 4177 1750 4263 in
1793 4175 1950 4263 Sibiria

254 4329 505 4446 praesertim
532 4327 730 4414 orientali
757 4349 881 4443 atque
910 4329 1118 4434 Dauuria,
1145 4327 1335 4447 itemque
1360 4362 1416 4416 ex
1439 4329 1681 4445 regionibus
1703 4331 1756 4414 ad
1777 4335 1949 4429 Lenem,

256 4477 553 4570 Camtscbatca
582 4502 624 4564 et
650 4477 798 4563 insulis
838 4508 979 4564 versus
1007 4479 1252 4565 Americam
1291 4480 1442 4597 sparsis
1484 4480 1638 4581 habui;
1680 4482 1952 4565 observantur

258 4631 377 4718 etin
407 4629 579 4717 Rossia'e
608 4628 967 4727 orientalioribus,
1005 4629 1118 4717 circa
1146 4633 1348 4716 Uralense
1374 4638 1543 4746 jugum,
1589 4632 1665 4715 sed
1691 4651 1855 4713 tantum
1884 4656 1954 4711 ve·

257 4812 328 4880 re,
365 4813 496 4898 quum
524 4783 578 4865 ed
605 4777 860 4866 borealiores
899 4781 1044 4896 plagas
1081 4780 1399 4896 transmigrant,
1441 4812 1542 4897 quas
1584 4777 1954 4898 temperatioribus
