4410 5910
1026 316 1175 368 ‘²²'
1853 317 1940 404 441

195 497 206 507 .
257 541 301 604 at
326 517 533 632 primores
560 513 746 601 exterius
786 540 930 602 versus
972 517 1137 634 apicem
1176 514 1524 604 coerulescentes.
1591 516 1743 605 cauda
1778 515 1947 627 viridis,

255 666 503 754 rectricibus
532 669 691 752 duabus
720 667 873 753 mediis
902 670 1033 784 duplo
1060 666 1346 786 longioribus,
1375 668 1646 770 acuminatis,
1684 700 1860 785 quarum
1886 671 1945 756 al·
2084 680 2087 685 ’

253 843 346 907 tera
373 820 622 908 incumbens
650 818 825 937 reliquis
853 821 1117 909 coerulescit.
1163 929 1167 937 g

1102 1085 1417 1105 a*

623 1241 1572 1353 XV.CORACIAS.

390 1448 542 1530 Genus·
560 1443 726 1561 Meropi
761 1446 956 1562 proxime
999 1451 1122 1535 affine
1149 1450 1326 1552 solutu,
1371 1445 1496 1545 nido,
1537 1442 1738 1558 victuque
1767 1466 1811 1529 et
1838 1473 1945 1531 voce

254 1598 488 1712 frequenti,
527 1619 575 1680 ut
615 1621 658 1682 et
697 1597 1017 1712 pulchritudine
1058 1603 1248 1687 colorum
1276 1623 1320 1686 et
1347 1603 1583 1717 plumarum
1612 1620 1772 1682 natura.
1841 1595 1945 1683 Uni·

253 1781 347 1836 cam
371 1749 524 1834 itidem
546 1749 590 1834 in
615 1750 854 1836 borealibus
868 1755 1074 1871 speciem,
1105 1753 1224 1867 quasi
1244 1756 1499 1869 transfugam
1527 1748 1737 1866 agnoscit,
1768 1778 1945 1862 eamque

252 1900 558 2013 migratoriam3
602 1905 703 1987 dum
742 1905 969 2022 pleraeque
1010 1936 1266 2019 congeneres
1306 1903 1418 1988 intra
1457 1902 1663 2020 Tropicos
1703 1900 1749 1986 in
1779 1899 1945 2016 antiqui

249 2052 364 2140 orbis
392 2074 437 2138 et
463 2054 693 2140 insularum
720 2056 861 2142 Indici
887 2059 1051 2146 Oceani
1077 2059 1228 2146 calidis
1257 2080 1485 2145 versantur.

605 2288 690 2376 83.
781 2281 892 2376 CO
920 2287 960 2376 R
990 2288 1031 2376 A
1059 2282 1274 2377 CIAS
1326 2285 1590 2400 garrula.

388 2466 439 2555 C.
469 2495 632 2582 cyaneo
660 2469 820 2570 virens,
841 2473 974 2557 dorso
1003 2473 1116 2571 rufo,
1144 2470 1373 2586 remigibus
1399 2464 1753 2556 coeruleo·atris.

470 2621 668 2708 Garrulus
697 2623 1047 2738 argentoratensis
1077 2630 1356 2733 (Auctorem.)
1372 2625 1590 2709 Edwards.
1614 2654 1681 2708 av.
1702 2625 1780 2709 ΙΙΙ.
1800 2641 1830 2744 t.
1854 2651 1942 2730 1⁰9·

525 2775 681 2861 Frisch.
712 2809 777 2859 ov.
807 2776 892 2860 tob.
924 2792 990 2886 57.
1018 2780 1199 2862 Brisson.
1228 2809 1329 2863 orn..
1358 2780 1413 2861 ll.
1444 2811 1484 2893 p.
1514 2790 1581 2878 64.

472 2925 668 3013 Coracias
697 2928 861 3042 garrula
886 2930 977 3011 Lin.
1006 2949 1113 3038 syst.
1140 2931 1236 3012 ΧΗ.
1265 2933 1300 3012 Ι.
1338 2961 1380 3040 p.
1416 2941 1504 3033 159.
1532 2958 1595 3042 sp.
1630 2963 1665 3010 1.

359 3075 536 3162 Rossice
564 3082 875 3179 Sinotsoronlta,
909 3081 963 3164 ad
992 3083 1205 3165 Sameram
1232 3080 1462 3192 Siwog‘rbls,
1492 3077 1743 3193 quibusdam
1770 3109 1794 3162 a
1821 3106 1946 3163 rauca

414 3259 521 3315 voce
549 3232 862 3348 Praportschils,
897 3263 929 3316 s.
959 3230 1228 3316 subcenturia
1256 3228 1426 3315 dicitur.
1483 3228 1725 3314 Malorossis
1753 3251 1798 3313 et
1824 3229 1944 3314 Polo·

414 3380 482 3465 nis
522 3385 684 3466 liraslta
728 3405 772 3467 et
811 3387 1001 3468 Ralsclm
1035 3406 1080 3468 et
1106 3386 1288 3470 Simorltlt
1323 3404 1367 3467 et
1406 3386 1754 3468 Krnssiworonlsa.
1822 3387 1945 3463 Tata-

416 3532 474 3617 ris
521 3540 673 3619 Kasan.
751 3537 790 3615 K
789 3538 876 3646 yle·
890 3538 1036 3649 Kargb
1048 3573 1063 3633 ,·
1114 3534 1292 3650 Kirgisis
1331 3538 1637 3649 Kyrmyscholt.
1708 3529 1946 3620 Calmuccis

416 3686 749 3798 Choryraatschi.
1132 3704 1136 3717 '
1712 3700 1717 3705 '

399 3885 450 3966 In
479 3880 727 3968 australibus
769 3884 969 3989 Rosiae,
1012 3883 1145 3971 etiam
1182 3883 1484 4001 campestribus
1525 3879 1638 3966 circa
1675 3879 1859 3994 Volgam
1899 3898 1945 3963 et

255 4030 503 4151 Rhymnum
513 4095 527 4133 ,
568 4039 699 4148 inque
737 4037 898 4121 taurica
939 4035 1203 4124 Chersoneso
1243 4040 1451 4153 frequens.
1521 4030 1711 4118 Advenit
1738 4031 1870 4115 etiam
1895 4030 1943 4115 in

255 4186 456 4273 Sibiriam
485 4185 748 4291 citeriorem,
778 4188 1024 4303 praesertim
1052 4196 1097 4274 in
1126 4189 1284 4305 pinetis
1312 4190 1423 4275 circa
1452 4187 1579 4286 Irtin,
1607 4186 1859 4299 alta'r'casque
1887 4182 1943 4266 al·

248 4368 325 4456 pes
369 4360 573 4424 aestatem
614 4337 846 4454 transigens
874 4364 919 4425 et
945 4341 1109 4458 prolem
1137 4345 1338 4446 educans,
1383 4373 1528 4427 vemm
1555 4363 1755 4424 autumno
1781 4360 1943 4423 mature

254 4516 440 4578 austrum
466 4521 607 4579 versus
635 4492 797 4591 avolat,
823 4495 962 4598 tarde,
1001 4526 1099 4579 cum
1127 4503 1304 4611 Merope
1332 4492 1438 4600 fere,
1482 4522 1624 4579 mense
1652 4490 1794 4607 Aprili
1823 4486 1944 4574 circi-

249 4666 319 4731 ter
345 4646 544 4732 reditura.
614 4652 664 4731 In
704 4645 905 4732 ulteriore
941 4644 1098 4733 Sibiria
1123 4681 1335 4765 nunquam
1363 4653 1596 4735 observata.
1664 4652 1713 4728 In
1743 4640 1873 4756 sylvis
1901 4659 1946 4724 et
2077 4684 2080 4689 ⁴

255 4797 489 4887 nemorosis
516 4805 673 4885 Emcas
701 4821 858 4885 setosas
887 4797 1063 4903 minuit,
1101 4826 1145 4889 et
1172 4801 1219 4886 in
1248 4801 1472 4889 Germania
1498 4797 1747 4919 praesertim
1774 4791 1945 4880 nocivas

1453 4967 1506 5044 56
