4410 5910
250 409 343 500 274
1022 406 1170 463 a

468 607 708 729 Delphinus
736 606 870 725 pinna
896 603 1011 693 dorsi
1038 604 1177 704 nulla,
1207 605 1387 693 Brisson.
1416 603 1562 723 quadr.
1580 634 1634 719 p.
1652 617 1760 717 374.
1788 636 1830 691 n.
1859 618 1898 695 5.

468 765 664 881 Bjeluga,
695 766 853 850 Steller.
882 762 1011 846 deser.
1029 763 1235 847 Camtsch.
1269 795 1312 878 p.
1339 772 1428 847 106.
1455 761 1654 851 Pennont.
1673 762 1772 846 hist.
1794 758 1940 876 quadr.

523 922 581 1003 Π.
612 952 654 1032 p.
685 931 779 1022 544.
807 915 927 1001 Zool.
958 935 1059 1001 αισι.
1086 917 1122 998 Ι.
1152 947 1193 1028 p.
1229 928 1319 1002 182.

469 1069 711 1186 Delphinus
739 1075 918 1166 Leucas,
947 1069 1054 1153 Poll.
1084 1075 1173 1152 itin.
1200 1069 1277 1150 III.
1308 1098 1406 1181 pag.
1435 1077 1501 1168 84.
1530 1063 1681 1171 tobit.
1710 1060 1939 1177 (cranium)

523 1225 694 1307 Gmelin.
725 1224 839 1332 Syst.
868 1224 959 1303 Lis.
987 1223 1022 1303 Ι.
1062 1253 1104 1336 p.
1134 1233 1228 1306 232.
1256 1250 1319 1335 sp.
1349 1234 1390 1322 4.

308 1454 314 1465 .
360 1371 536 1461 Rossice
562 1377 774 1492 Morslraja
800 1375 1003 1490 Bjelugha
1045 1378 1180 1482 (Huso
1208 1369 1392 1456 marinus
1419 1400 1493 1457 seu
1519 1366 1660 1485 potius
1687 1370 1747 1457 ob
1784 1368 1944 1457 albedi-

310 1606 314 1611 .
416 1534 548 1639 nem).
607 1524 839 1639 Samojedis
874 1525 1103 1636 Wyborlso3
1131 1525 1290 1611 Juracis
1317 1526 1463 1637 Kogbe
1490 1523 1560 1609 vel
1584 1526 1750 1636 Kogha.
1806 1521 1945 1615 ostis·

417 1679 479 1764 cis
521 1681 576 1763 W
569 1681 995 1792 ysingh·Potlaengh.
1062 1673 1398 1763 Camtschadalis
1433 1678 1572 1772 Sisclrr
1606 1673 1945 1763 occidentalibus

417 1833 604 1918 Sischiid
631 1832 703 1914 vel
727 1833 912 1942 Sybsyh.
976 1827 1174 1915 Coraecis
1204 1831 1415 1942 Gittylrgr't
1450 1828 1521 1913 vel
1555 1831 1722 1917 S'aaess.
1787 1824 1946 1919 coritis

309 2066 314 2073 .
415 1986 720 2069 Bestscbroilse.

308 2210 315 2223 .
387 2141 602 2249 Frequens
630 2134 792 2250 species
819 2158 865 2219 et
893 2131 1159 2250 subgregan'a
1186 2132 1234 2220 in
1261 2131 1457 2221 omnibus
1480 2131 1571 2221 oris
1601 2130 1767 2221 oceani
1796 2130 1945 2221 arctici

250 2312 298 2377 st
319 2287 437 2374 circs
465 2307 701 2372 extremam
729 2286 930 2372 Sibiriam
957 2286 1230 2385 orientalem,
1257 2285 1504 2403 praesertim
1532 2283 1647 2375 circa
1667 2284 1777 2371 ostia
1798 2284 1945 2375 fluvio·

251 2472 345 2529 nnn
374 2439 654 2556 piscatorum,
694 2461 739 2524 et
765 2439 941 2554 flumina
966 2439 1098 2523 etiam
1127 2469 1224 2525 cum
1251 2438 1437 2556 piscibus
1464 2439 1704 2527 anadromis
1738 2468 1866 2555 saepe
1899 2434 1946 2525 in

252 2591 581 2679 mediterraneas
615 2621 745 2706 usque
782 2592 976 2706 regiones
1012 2593 1291 2696 adscendens,
1328 2614 1502 2709 captura
1536 2591 1787 2709 praesertim
1820 2596 1946 2705 ιιιιῇο·

356 2758 452 2848 fv.
482 2771 544 2856 gr.
572 2742 782 2829 Salmonis
808 2741 1135 2859 Leucichtydis‚
1180 2742 1342 2831 vivens.
1411 2745 1534 2833 Ultra
1561 2758 1673 2834 ὅδ’-Μ’
1699 2746 1815 2835 latit.
1857 2774 1945 2862 gra·

254 2898 358 2984 dum
387 2898 441 2983 ad
469 2918 655 2983 ausuum
681 2927 767 2982 non
797 2919 1007 3012 evagatur.
1077 2902 1128 2981 In
1168 2894 1280 2982 Mari
1320 2895 1546 2985 ocbotensi
1584 2920 1632 2987 et
1670 2896 1947 2989 Penshimmi

254 3048 374 3150 sium
414 3079 545 3165 usque
574 3051 627 3136 ad
656 3049 817 3137 Uthfl.
846 3048 1096 3166 praesertim
1128 3047 1174 3136 in
1213 3049 1324 3135 ostio
1352 3048 1539 3164 Tigild.
1568 3051 1735 3139 dein
1695 3082 1813 3139 cuca
1834 3049 1946 3139 ostia

253 3200 521 3316 Chatangae‚
555 3209 717 3308 Lenas,
754 3202 967 3302 Jeniseae,
1002 3202 1091 3290 Obi
1118 3226 1161 3287 et
1189 3199 1441 3289 Petschorae
1466 3206 1566 3291 fluv.
1604 3207 1823 3321 ftequcrm
1859 3202 1948 3291 viss

252 3355 397 3445 Obum
422 3356 512 3441 fere
537 3385 673 3471 usque
700 3357 755 3442 ad
782 3360 1068 3443 confluentem
1095 3353 1192 3441 Irtis
1219 3357 1262 3442 fl.
1291 3378 1337 3442 et
1361 3355 1575 3445 leniseam
1597 3359 1651 3445 sd
1675 3358 1947 3473 hmgurkm

252 3534 385 3621 usque
414 3507 695 3593 adscendisse.
747 3513 917 3593 Summa
945 3507 1173 3595 velocitate
1201 3529 1369 3608 natant,
1397 3513 1532 3599 cauda
1556 3511 1776 3600 incurvata
1797 3540 1947 3626 ιφιιιιι

251 3657 473 3756 ferientem
516 3681 560 3741 et
587 3657 633 3742 in
663 3690 770 3774 aqua
798 3660 1008 3747 albedinis
1036 3663 1187 3746 decore
1217 3657 1421 3746 eminent.
1486 3668 1654 3776 Aquam
1680 3694 1705 3747 e
1735 3661 1949 3778 spiraculo

255 3805 341 3890 alte
371 3808 593 3919 ejaculant.
666 3817 825 3898 Matres
861 3814 1117 3901 comitantur
1152 3813 1306 3911 catuli,
1347 3842 1451 3930 quos
1484 3843 1584 3899 vere
1612 3813 1784 3930 pariunt
1810 3815 1948 3915 binos,

252 3959 396 4043 colore
424 3958 470 4043 in
498 3959 634 4075 prima
673 3987 811 4051 aetate
854 3967 1002 4076 (etiam
1042 3967 1363 4084 quatuordecim
1403 3965 1644 4082 pedalibus)
1686 3967 1950 4054 lusco-cine·

250 4132 467 4211 nascente,
495 4112 569 4228 qui
597 4117 932 4230 provectioribus
959 4118 1062 4206 inde
1091 4152 1117 4206 a
1143 4142 1290 4206 ventre
1319 4118 1555 4223 evanescit,
1582 4117 1760 4225 sensim,
1791 4142 1838 4207 st
1860 4144 1950 4209 tan·

252 4265 353 4351 uam
394 4264 532 4350 lacteo
575 4268 719 4353 albore
761 4292 958 4357 mutatur.
1029 4282 1202 4387 Propter
1241 4270 1542 4387 pinguedinis,
1584 4270 1738 4359 suillas
1777 4270 1952 4376 similis,

252 4417 555 4504 abundantiam
584 4451 608 4505 a
634 4420 804 4536 populis
830 4418 1164 4540 ichthyophagis
1190 4424 1343 4511 nostris
1369 4422 1542 4541 copiose
1569 4424 1617 4513 ia
1651 4423 1774 4515 ostiis
1802 4424 1954 4515 ursio·

251 4596 378 4671 rum,
419 4571 629 4686 protensis
670 4571 908 4662 fortissimis
949 4576 1109 4681 retibus
1149 4577 1371 4693 cupiuntur
1414 4601 1458 4665 et
1492 4575 1628 4667 'hastis
1661 4579 1953 4693 configuntur.

252 4722 405 4835 Neque
433 4752 578 4809 carnes
613 4726 703 4812 sine
744 4728 870 4819 laude
907 4753 1006 4817 sunt
1045 4729 1149 4818 lioct
1188 4729 1335 4845 nigrae
1376 4730 1598 4848 capiuntur
1636 4729 1770 4819 ctiam
1809 4728 1952 4819 hamis

251 4868 370 4987 pisce
409 4872 622 4967 inescatis.
692 4879 821 4975 Retia
860 4905 1003 4977 autem
1037 4913 1092 5005 arr
1127 4883 1316 5005 ipsorum
1340 4883 1533 5004 pellibus
1559 4883 1609 4977 iu
1632 4886 1727 4975 lom
1753 4882 1952 4977 dissectis
