4410 5910
269 431 360 534 aa
1037 440 1186 493 ===

367 667 369 671 ’
413 694 420 703 ,
487 655 531 746 β.
561 642 782 734 Motacilla
810 638 1141 758 eryrhrogaatra,
1187 618 1396 728 Gallina.
1426 641 1534 730 Noa.
1563 643 1681 730 Com.
1709 645 1818 734 Patr.
1846 650 1964 737 XIX.

304 818 309 829 '
382 818 400 854 '·
541 833 584 915 p.
612 813 708 905 469.
737 797 823 880 tab.
860 809 921 880 16.
950 799 1064 892 Mas,
1100 827 1161 903 ¹7·
1188 792 1360 881 femina.
1417 799 1539 882 Latia
1581 828 1648 881 av.
1678 800 1755 884 HI.
1793 833 1837 916 p.
1866 821 1961 913 4²4·

540 982 581 1033 n.
616 965 677 1034 13.
707 949 1220 1057 Gmelin.syst.Lrn.11.
1257 977 1298 1061 p.
1327 961 1422 1054 975.
1450 979 1513 1063 ap.
1550 961 1638 1034 118.
1965 1065 1970 1075 q

485 1100 707 1186 Motacilla
736 1097 1028 1200 Samamiaica,
1070 1097 1253 1184 Hablizl.
1290 1100 1345 1183 N.
1373 1099 1502 1184 Nord.
1531 1100 1676 1211 Beytr.
1705 1103 1779 1187 IV.
1819 1136 1863 1219 p.
1893 1118 1960 1190 60.

540 1254 669 1337 Gnaei.
706 1258 795 1370 jun.
832 1260 922 1336 itin.
950 1253 1024 1333 IV.
1067 1284 1109 1365 p.
1145 1260 1233 1334 181.
1276 1250 1405 1336 Gmel.
1433 1271 1541 1370 εχει.
1578 1255 1669 1336 Lin.
1695 1257 1753 1337 Π.
1795 1288 1839 1370 p.
1868 1270 1964 1367 978.

541 1434 604 1518 sp.
640 1417 729 1507 134.
1967 1511 1973 1521 Δ

401 1561 450 1638 In
479 1552 688 1637 montanis
717 1554 870 1669 apricis
898 1554 1118 1669 regionum
1159 1552 1598 1654 transbaicalensitun‚
1639 1559 1887 1672 praesertim
1915 1560 2001 1647 in‘

265 1706 471 1794 calicratio
499 1704 611 1790 circa
642 1705 884 1818 Selengam,
922 1705 1222 1792 Tachikoirum
1244 1728 1290 1789 et
1311 1709 1507 1794 onorem
1533 1709 1575 1812 fl.
1604 1709 1972 1824 frequentissima,¹

264 1889 363 1946 cum
391 1857 627 1942 llirundine
657 1859 830 1940 demum
859 1879 901 1940 et
942 1880 1039 1973 post
1066 1857 1342 1946 Oenanthem
1383 1861 1624 1945 adventans.
1694 1865 1878 1948 Arbusta
1918 1889 1962 1952 et

262 2037 417 2098 terram
444 2009 574 2123 legit,
602 2008 778 2091 caudam
807 2012 956 2094 crebro
985 2010 1208 2115 motitans,
1238 2043 1335 2096 curu
1358 2039 1462 2094 voce
1485 2010 1738 2126 interrupta,
1767 2013 1960 2129 pipieute

264 2167 343 2275 (aa
370 2166 447 2270 tile)
475 2163 563 2243 fere
592 2158 738 2246 Sittaa.
811 2164 882 2246 Ad
917 2193 1069 2279 pagos,
1114 2163 1205 2250 imo
1232 2161 1455 2255 suburbia
1483 2191 1649 2275 quoque
1692 2163 1960 2252 familiariter

263 2313 442 2399 accedit.
512 2317 605 2395 Mas
641 2331 831 2425 tempore
875 2313 1160 2419 incubationie
1198 2315 1413 2416 'cantillam
1455 2315 1529 2399 sed
1572 2314 1706 2399 multo
1747 2317 1970 2428 deteriore,

264 2465 447 2551 modulo·
465 2493 592 2577 quam
621 2463 690 2546 vel
719 2464 1017 2568 Coerulecula,
1049 2468 1119 2553 vel
1148 2469 1346 2556 curruca.
1403 2471 1453 2550 In
1482 2462 1645 2578 reliqua
1664 2465 1820 2552 Sibiria
1851 2467 1967 2559 haec.

264 2614 425 2732 species
455 2610 566 2697 mihi
593 2643 807 2726 nunquam
834 2617 1004 2702 obviam
1032 2618 1137 2705 fuit..
1198 2617 1379 2704 Videtur
1404 2637 1559 2719 *tamen
1595 2645 1671 2729 per
1713 2620 1967 2707 australium.

262 2756 459 2882 alpestria
498 2770 596 2877 juga
624 2794 754 2877 usque
783 2768 836 2850 ad
866 2769 1099 2854 Caucasum
1141 2768 1330 2882 evagari3
1375 2774 1551 2879 majores
1593 2765 1797 2879 equidem
1839 2741 1970 2858 erant*

264 2917 473 3019 aibiricis‚'
511 2945 612 3029 quas
641 2913 742 3000 inde
771 2919 928 3006 adlatas
965 2918 1077 3018 vidi,
1116 2923 1190 3006 sed
1209 3002 1213 3009 ,
1229 2950 1305 3035 per
1343 2917 1510 3013 omnia.
1549 2917 1595 3002 in
1624 2941 1803 3033 utroque
1832 2953 1955 3022 sexu,

264 3070 367 3157 alias
394 3065 640 3153 simillimae
669 3069 753 3180 (sl).
810 3075 876 3154 De
905 3068 973 3155 his
1014 3071 1069 3155 cf.
1112 3070 1492 3160 Guldenstaeclt
1520 3092 1565 3155 et
1592 3071 1827 3158 D'Aubent.
1857 3085 1953 3189 pict.

259 3224 346 3312 tab.
376 3233 470 3308 668.
490 3224 577 3331 fag.
607 3231 662 3302 2?
699 3219 744 3301 Si
774 3220 829 3303 sit
855 3219 1151 3333 distinguenda
1179 3221 1337 3336 poterit
1364 3224 1568 3327 Ceraunia
1595 3222 1817 3334 appellari.

394 3373 570 3456 Deacr.
628 3369 894 3459 Phoenicum
933 3370 996 3455 ita
1035 3373 1124 3455 fere
1157 3370 1330 3475 similia,
1372 3394 1420 3456 ut
1448 3370 1688 3485 Strapazina
1718 3372 1951 3463 Vitiflorae.

258 3529 424 3612 Statura
449 3523 577 3637 paulo
605 3521 832 3637 procerior.
892 3527 1085 3610 Rostrum
1128 3521 1314 3637 nigrum;
1357 3521 1499 3635 anguli
1543 3521 1627 3606 oris
1670 3545 1715 3607 et
1755 3553 1802 3609 os
1842 3527 1953 3612 intus

258 3680 438 3776 flavum,
482 3694 529 3756 ut
556 3694 600 3757 et
626 3682 770 3786 lingua
797 3672 940 3759 bifida.
1011 3677 1162 3760 Vertere
1190 3705 1287 3787 cum
1315 3672 1483 3758 cervice
1511 3703 1657 3775 canum
1688 3679 1823 3784 frone-
1842 3681 1951 3764 exal·

256 3827 372 3915 bida.
429 3827 537 3908 Gula
564 3847 608 3911 et
637 3825 797 3909 collum
824 3827 968 3915 subtus
994 3825 1082 3911 late
1123 3846 1224 3910 atra.
1292 3828 1474 3911 Dorsum
1507 3847 1551 3910 et
1578 3833 1671 3912 aiae
1698 3825 1840 3940 nigra.
1873 3829 1950 3915 hae

257 3977 423 4062 macula
451 3976 564 4078 alba,
593 3976 773 4088 remiges
801 3976 1068 4061 secundarius
1102 4011 1144 4059 ιι
1165 4025 1181 4041 -
1199 3988 1259 4060 ιδ.
1288 3996 1534 4088 occupante.
1597 3979 1780 4064 Brachia
1809 3983 1949 4069 subtus

256 4129 393 4216 dilute
420 4127 548 4213 fulva.
619 4129 770 4215 subtus
795 4149 885 4215 tuta
914 4124 1002 4214 avia
1029 4127 1195 4243 intense
1222 4127 1349 4211 fulva.
1419 4128 1568 4212 Cautio
1606 4156 1703 4211 cum
1743 4145 1949 4248 mopygr'o

254 4281 391 4385 frrlra,
420 4278 571 4394 pennia
601 4313 639 4363 a.
666 4277 932 4366 intermediis
961 4277 1106 4392 nigris.
1129 4329 1184 4343 —
1211 4281 1416 4365 Rectricea
1442 4275 1656 4363 interdum
1685 4294 1724 4365 3.
1757 4282 1947 4370 laterales

255 4431 376 4546 apioe
404 4429 609 4516 exterius.
638 4431 755 4519 fusco
769 4481 781 4495 ·
797 4429 1069 4544 marginatae.
1124 4430 1266 4521 ‚Pedes
1305 4427 1434 4543 nigri,
1477 4425 1697 4515 tibialibus
1738 4430 1945 4520 indivisis.

254 4583 423 4668 Femina
450 4581 571 4665 furvo
585 4631 599 4646 ·
615 4580 895 4686 cineraacens,
927 4580 1086 4667 vertice
1114 4604 1159 4667 et
1186 4578 1351 4679 cervice
1378 4581 1528 4664 eodem
1556 4580 1699 4689 colore
1726 4583 1942 4683 dilutiorar

251 4734 394 4818 mbtua
421 4754 587 4846 praeter
618 4733 758 4844 gulam
780 4732 941 4833 albida3
970 4737 1103 4818 cauda
1130 4755 1176 4817 et
1202 4729 1454 4846 uropygium
1480 4729 1600 4816 utin
1628 4762 1829 4818 mare.-
1853 4737 1936 4822 Pul·

254 4888 289 4972 li
316 4903 429 5000 (post
455 4882 647 4999 medium
670 4881 775 4971 iulii
802 4885 1027 5000 volueret).
1085 4884 1236 5000 Capite
1253 4884 1462 4999 dorsoque
1482 4883 1683 4973 cinereo.
1695 4883 1823 4994 fumi,
1850 4913 1931 5001 W·
