4410 5910
254 395 343 496 5¹8
1032 400 1179 458 “·“-“··“·-·““

251 611 324 697 Al.
361 607 543 726 vulgaris
581 609 844 732 coelipetae,
896 635 1046 731 gryseo
1059 660 1074 683 ·
1089 608 1402 719 cinerescente,
1448 611 1634 704 liturato.
1704 619 1945 737 Superciiia,

252 787 431 880 areaque
461 765 587 885 eirca¹
602 769 745 854 oculos
775 770 892 870 alba,
936 770 1066 853 ductu
1108 769 1367 853 lassescente
1396 771 1448 854 ab
1477 771 1640 883 angulis
1669 772 1779 872 oris;
1820 776 1945 859 Paro·

253 921 358 1004 tides
398 919 605 1003 cinereae.
675 923 783 1004 Gula
825 919 947 1016 alba,
987 919 1155 1035 punctis
1195 919 1391 1035 utrinque
1435 923 1488 1004 ad
1530 921 1750 1007 maxillam
1786 924 1948 1041 aliquot

251 1070 392 1155 fuscis.
461 1074 548 1154 Sub
575 1070 665 1156 imo
694 1072 807 1155 collo
840 1080 1026 1156 maculae
1056 1108 1094 1155 ε.
1123 1099 1323 1182 magnae,
1365 1074 1558 1176 lunatae,
1603 1104 1773 1159 arcuum
1803 1108 1946 1161 curva·

251 1241 344 1306 tura
370 1221 609 1336 oppositae,
640 1219 799 1306 isthmo
828 1224 924 1306 albo
953 1224 1234 1338 interceptae,
1262 1224 1337 1310 sub
1357 1221 1508 1340 quibus
1526 1232 1715 1343 jugulum
1741 1227 1945 1327 albidum,

257 1376 374 1458 fusco
400 1397 676 1488 punctatum,
713 1371 871 1458 dehinc
901 1379 967 1482 (ut
996 1397 1039 1457 et
1067 1376 1217 1482 latera)
1248 1376 1521 1461 cinerescens.
1594 1376 1777 1492 Reliqua
1804 1381 1945 1464 subtus

255 1526 384 1610 albet.
439 1529 608 1614 Humeri
636 1528 779 1609 subtus
808 1528 923 1612 fusco
937 1578 951 1590 -
965 1526 1299 1631 amarescentes,
1331 1526 1472 1612 antico
1497 1527 1686 1640 margine
1711 1529 1815 1616 albi.
1872 1533 1942 1615 Re·

255 1687 384 1789 miges
413 1693 449 1765 5.
481 1678 664 1762 extimae
704 1701 749 1761 et
786 1699 869 1761 tres
911 1677 1088 1760 intimae
1128 1701 1242 1762 totae
1283 1677 1455 1792 nigrae;
1498 1681 1759 1765 intermediae
1799 1713 1943 1766 omnes

256 1828 377 1944 apice
407 1831 551 1928 albae,
580 1861 726 1941 omnes
755 1829 964 1914 exteriore
987 1827 1174 1942 margine
1196 1860 1391 1944 gryseae,
1423 1843 1471 1915 8-
1487 1845 1547 1916 15·
1576 1829 1782 1915 cordatim
1814 1863 1941 1916 emar·

255 1979 437 2094 ginatae.
493 1985 696 2067 Rectrices
723 1983 1020 2095 subaequales,
1049 1990 1208 2065 extima
1235 1984 1356 2086 alba,
1392 1981 1535 2066 abasi
1563 1981 1741 2065 interius
1771 1983 1942 2097 oblique

223 2177 229 2191 ·
253 2135 394 2236 fusca,
424 2141 616 2248 proxima
644 2163 715 2215 ora
745 2133 907 2216 extima
934 2155 977 2215 et
1005 2131 1150 2248 apice,
1180 2143 1301 2217 tertia
1328 2155 1491 2216 tantum
1519 2131 1637 2246 apice
1668 2133 1789 2216 alba:
1830 2164 1942 2250 prae·

253 2307 370 2370 terea
411 2281 608 2396 utrinqne
638 2296 662 2367 3
692 2306 736 2365 et
763 2300 803 2386 4.
832 2282 1220 2396 subemarginatae3
1257 2285 1519 2369 intermediae
1550 2317 1588 2364 2.
1618 2305 1798 2397 utroque
1841 2317 1940 2370 mar·

254 2436 352 2550 gine
381 2464 567 2548 gryseae.
623 2436 751 2518 Pedes
777 2435 966 2523 testacei.
1034 2436 1199 2521 Pondus
1225 2431 1384 2519 unciar.
1415 2472 1453 2520 e.
1482 2465 1578 2519 cum
1608 2435 1770 2548 aliquot
1798 2434 1942 2522 drach·

255 2588 350 2671 mis.
406 2590 599 2668 Mensura
627 2587 681 2667 ad
708 2583 962 2698 uropygium
989 2589 1049 2673 δ”.
1075 2588 1143 2668 2'''.
1176 2587 1331 2668 caudae
1364 2593 1422 2669 2''.
1439 2596 1526 2675 6t‘'‘.
1554 2615 1834 2699 expansarum
1863 2589 1940 2671 ala·

253 2766 347 2822 rum
382 2745 426 2820 1'.
458 2739 520 2849 2'‘.
549 2733 619 2840 9⁰2
646 2736 770 2820 ulnae
799 2739 858 2822 δ”.
887 2734 1009 2821 rostri
1039 2738 1092 2820 ad
1118 2738 1306 2821 fraenum
1344 2744 1415 2841 9'“.
1453 2735 1653 2819 tibiarum
1687 2745 1741 2820 1⁰.
1777 2744 1844 2821 r“‘.
1883 2737 1941 2823 di·

255 2885 336 3000 giti
368 2883 499 2970 antici
526 2884 662 2970 medii
690 2893 813 2995 (cum.
831 2917 970 3000 ungue
998 2894 1102 2996 33⁰2)
1139 2897 1195 2970 r''.
1223 2886 1376 3003 postici
1405 2892 1522 2994 (cum
1548 2918 1686 3001 ungue
1715 2893 1810 2998 6''‘.)
1846 2903 1900 2974 1''.

276 3062 403 3164 147.
493 3045 837 3137 ALAUDA
890 3034 1230 3166 leucoptera.
1305 3047 1447 3134 TAB.
1485 3046 1704 3135 XXXIII.
1735 3036 1838 3167 sig.
1880 3073 1923 3139 2.

394 3192 450 3273 A.
480 3188 641 3306 vertice
668 3184 940 3302 humerisque
969 3188 1293 3290 latescentibus,
1332 3187 1561 3299 remigibus
1589 3189 1857 3274 intermediis
1885 3220 1943 3274 re·

254 3327 542 3456 otrieibusque
579 3337 753 3425 extimis
796 3336 924 3442 totis,
965 3339 1171 3454 proximis
1206 3361 1383 3452 utroque
1413 3337 1600 3452 margine
1628 3338 1762 3442 albis,
1806 3363 1944 3456 pecto·

253 3520 300 3576 re
328 3493 615 3578 immaculato.
826 3550 846 3572 .-

473 3644 640 3727 Alauda
669 3644 903 3730 Calendrae
931 3645 1091 3748 affinis,
1137 3647 1244 3758 Pali.
1284 3652 1375 3729 itin.
1404 3649 1460 3728 II.
1506 3644 1681 3758 append.
1723 3677 1826 3758 pag.
1854 3658 1943 3757 708.

529 3829 569 3879 n.
606 3810 667 3881 15.
695 3799 887 3880 Latinam.
914 3830 1008 3907 syn.
1039 3800 1113 3880 IV.
1144 3830 1184 3911 p.
1206 3807 1308 3880 383.
1337 3830 1376 3879 n.
1413 3812 1473 3883 15.

393 3936 644 4059 Praesertim
672 3945 721 4030 in
748 3947 924 4031 desertis
953 3945 1286 4048 Barabensibus,
1313 3949 1366 4030 ab
1393 3949 1481 4031 Om
1512 3949 1609 4030 fluv.
1640 3975 1774 4061 usque
1803 3949 1857 4031 ad
1878 3947 1944 4031 Al·

253 4108 365 4183 taica
395 4103 519 4209 juga,
554 4099 785 4181 secundum
813 4126 983 4182 omnem
1013 4095 1119 4179 Irtin
1160 4096 1449 4212 copiosissime
1484 4097 1667 4211 primum
1706 4100 1943 4196 observater

256 4247 412 4334 deinde
446 4244 578 4331 etiam
604 4246 652 4330 in
680 4248 854 4361 campis.
868 4251 924 4333 ad
952 4245 1199 4358 Rhymnum
1228 4246 1474 4331 inferiorem
1502 4278 1587 4330 non
1616 4248 1861 4360 infrequens
1888 4247 1942 4330 vi·

257 4430 302 4484 sa
329 4426 427 4483 vere
462 4415 587 4508 1773,
615 4400 727 4482 unde
755 4428 832 4512 per
860 4429 1030 4482 omnem
1056 4395 1273 4482 Tatariam
1300 4427 1496 4510 magnam
1524 4396 1694 4481 videtur
1720 4397 1942 4513 inquilina.

259 4552 360 4639 Coit
387 4548 530 4635 medio
557 4546 687 4661 Maji·;
721 4549 913 4634 nidificat
941 4547 1063 4659 humi
1081 4559 1283 4658 congesto
1305 4548 1507 4658 gramine.
1564 4549 1659 4632 Ova
1681 4567 1722 4652 4.
1746 4551 1817 4633 vel
1840 4553 1941 4632 ultra

262 4701 458 4806 cinerea,
489 4699 618 4816 guttis
647 4699 987 4815 grymo-fuscis,
1018 4709 1083 4806 (ut
1110 4698 1286 4807 venelli)
1317 4731 1340 4780 a
1365 4699 1565 4784 crassiore
1588 4699 1750 4784 vertice
1778 4699 1940 4799 crebris,

258 4854 455 4969 pondme
487 4853 775 4970 scrupulorum
804 4885 846 4941 a.
888 4857 1114 4961 :Versatur
1153 4849 1266 4937 circa
1308 4849 1399 4935 vias
1412 4885 1439 4965 3,
1467 4849 1650 4938 volitans
1690 4850 1834 4958 canit,
1874 4847 1940 4936 sed
