4410 5910
257 394 347 485 254
1032 393 1181 447 Ε

523 591 1185 701 ···=···0.Roo
1281 592 1346 701 v.

579 756 1660 1006 iuounaorona·

392 1284 516 1366 Hunc
545 1275 655 1364 mibi
682 1278 874 1368 ordinem
904 1299 1164 1393 componunt
1192 1305 1345 1391 genera
1372 1274 1645 1391 paucissima,
1681 1309 1706 1363 a
1733 1275 1948 1369 methodi·

256 1433 317 1520 cis
345 1431 463 1517 varie
490 1438 666 1542 jactata,
693 1454 737 1517 et
764 1434 818 1517 ab
846 1430 921 1535 iis,
958 1428 1033 1544 qui
1058 1426 1321 1513 characteres
1350 1428 1395 1512 in
1423 1429 1526 1513 solis'
1550 1428 1729 1544 pedibus
1757 1432 1948 1547 quaesie·

257 1605 373 1681 mat,
414 1580 460 1667 in
487 1581 669 1668 totidem
699 1586 785 1667 fere
813 1580 1004 1683 ordines,
1047 1599 1153 1695 quot
1181 1599 1276 1663 sunt
1303 1607 1478 1694 genera,
1522 1581 1748 1697 discerpta.
1819 1560 1945 1699 Equi·

257 1738 356 1822 dem
386 1755 536 1818 cuncta
564 1734 665 1819 satis
693 1733 805 1818 inter
833 1763 876 1817 se
905 1733 1129 1833 differunt,
1174 1731 1487 1846 quammaxime
1516 1734 1698 1819 dentium
1724 1755 1945 1849 apparatu,

255 1886 482 2002 pedumque
511 1885 690 1983 fabrica,
736 1885 810 1968 sed
849 1906 992 1968 tamen
1033 1884 1146 1966 inter
1181 1911 1225 1966 se
1253 1883 1433 1967 naturali
1460 1860 1663 1970 affinitate
1692 1880 1942 1972 cohaerent:

255 2034 469 2150 siquidem
496 2038 827 2153 Hippopotamus
868 2032 980 2147 (huc
1008 2034 1270 2132 referendus,
1310 2058 1354 2119 et
1382 2033 1522 2149 aliqua
1551 2065 1648 2121 cum
1676 2034 1942 2122 Ruminanti·

255 2189 332 2272 bus
361 2185 602 2273 communia
630 2185 818 2296 habens)
850 2184 994 2300 generi
1020 2188 1204 2302 Equitio,
1240 2187 1383 2300 Equus
1410 2185 1693 2272 Rhinoceroti
1720 2209 1766 2272 et
1794 2216 1941 2303 conge·

253 2339 347 2422 neri
376 2332 701 2452 Hydrocboero,
746 2360 790 2421 et
831 2335 881 2420 hi
920 2341 1050 2423 Suillo
1087 2335 1231 2451 generi
1260 2322 1462 2422 affinitate
1491 2336 1606 2422 haud
1635 2342 1874 2452 spernenda
1899 2360 1939 2425 st

251 2486 403 2609 babitu
429 2498 668 2603 junguntur.
725 2478 929 2572 Dentium
957 2511 1097 2572 autem
1123 2489 1169 2571 in
1195 2484 1264 2571 his
1285 2487 1505 2601 generibus
1529 2488 1847 2589 diversitatem,
1872 2518 1938 2607 pe·

254 2641 438 2753 dumque
461 2663 709 2755 structuram
735 2635 891 2723 nullius
914 2667 1004 2721 esse
1027 2637 1073 2722 in
1095 2637 1349 2722 contrarium
1371 2638 1592 2754 ponderis,
1620 2642 1776 2756 probat
1787 2646 1939 2729 'eorum

253 2786 298 2873 in
328 2788 503 2902 singulis
531 2790 660 2875 etiam
689 2790 910 2903 generibus
939 2788 1239 2895 inconstantia,
1294 2814 1341 2875 ut
1379 2789 1425 2876 in
1463 2790 1598 2876 Suillo
1626 2821 1782 2907 genere
1811 2799 1872 2906 (*)
1898 2814 1941 2881 et

253 2936 632 3045 Rhinoceratibus,
672 2942 741 3025 vel
770 2938 1060 3054 solidungulae
1087 2941 1301 3028 interdum
1328 2944 1571 3027 observatae
1599 2947 1700 3028 Sues
1728 2967 1774 3029 et
1802 2946 1941 3064 Equus

251 3086 474 3205 Americae
510 3089 695 3176 bisulcus
724 3097 817 3204 (Μ’).
887 3091 1096 3178 Omnibus
1137 3115 1279 3177 tamen
1319 3092 1442 3207 hujus
1483 3094 1644 3180 ordinis
1688 3095 1940 3183 animalibus

247 3226 496 3363 tommunes
524 3267 639 3328 sunt:
681 3242 863 3331 molares
884 3243 1088 3343 truncati,
1115 3244 1385 3345 trituratorii3
1428 3247 1551 3359 pedes
1577 3246 1791 3362 ungulati,
1835 3248 1940 3365 digi-

250 3389 306 3478 tis
334 3392 575 3479 insistentes
604 3388 639 3478 a'
656 3396 978 3481 Ruminantium
1006 3392 1186 3511 pedibus
1214 3397 1463 3512 plemmque
1491 3396 1667 3497 diversi;
1694 3380 1943 3489 neamenim

244 3518 465 3629 ¹macerans
493 3575 589 3631 cum
619 3550 715 3635 colo
743 3520 788 3633 et
815 3578 945 3635 coeco
975 3545 1263 3663 amplissimis;
1304 3554 1530 3633 claviculae
1571 3549 1732 3636 sceleto
1777 3555 1942 3655 nullasu

249 3716 392 3811 partus
421 3726 446 3778 a
474 3698 697 3785 nativitate
726 3703 954 3816 perfectum
991 3711 1123 3786 victus
1151 3696 1422 3814 vegetabilis,
1451 3721 1557 3782 caet.

246 3906 562 3931 m—

312 4034 371 4130 (*)
398 4039 501 4128 Aper
525 4036 754 4131 aethiopicus
779 4039 942 4132 (spicileg.
970 4037 1064 4112 Zoal.
1093 4004 1186 4114 Fata.
1211 4035 1307 4127 lla,
1335 4041 1574 4111 confirmante
1594 4046 1703 4113 etiarn
1724 4038 1800 4117 ca.
1827 4043 1864 4122 C
1869 4072 1945 4121 an·

393 4179 464 4250 per
489 4154 590 4250 (Aa.
617 4169 707 4233 acad.
733 4142 820 4232 Patr.
846 4162 901 4233 ll.
925 4183 961 4253 p.
994 4162 1103 4252 222.)
1139 4161 1359 4252 primoribus
1384 4163 1554 4232 dentibus
1579 4168 1705 4263 utique
1730 4176 1859 4260 caret,
1900 4172 1946 4245 da

393 4300 468 4377 qua
500 4281 735 4351 dubitaverat
765 4280 872 4352 Amic.
900 4278 1083 4353 Pensavit
1119 4275 1219 4374 (Syn.
1245 4284 1357 4370 quadr.
1387 4302 1420 4373 p.
1450 4287 1542 4374 yn).
1597 4279 1638 4355 ln
1663 4286 1800 4357 eodem
1826 4295 1946 4365 mols·

396 4419 456 4467 res
483 4402 559 4469 fere
584 4402 832 4492 elephantini,
860 4412 1019 4492 quatuor
1044 4409 1080 4469 in
1106 4409 1333 4487 universum,
1360 4427 1468 4500 quum
1491 4410 1528 4472 in
1548 4405 1692 4495 vulgari
1716 4426 1780 4481 aa.
1807 4414 1946 4503 adsint,

395 4523 617 4591 tantundem
645 4527 682 4590 in
708 4523 932 4616 Babyrussa,
963 4529 1001 4592 in
1032 4529 1066 4595 S.
1091 4528 1240 4619 Tajastu
1267 4526 1325 4613 24.
1366 4523 1499 4595 niffen
1526 4530 1641 4595 etiam
1666 4531 1735 4599 Sus
1758 4534 1949 4607 titium

290 4696 302 4713 .
394 4640 677 4711 alternantium
703 4665 865 4713 numero.

309 4830 384 4921 (*·)
408 4834 529 4935 Equus
554 4837 709 4928 pedibus
733 4836 902 4928 bisulcis,
933 4832 976 4912 M
984 4840 1091 4912 olina
1116 4840 1191 4909 tia.
1218 4852 1289 4909 rat.
1317 4831 1407 4909 Cliti
1430 4857 1466 4932 p.
1496 4850 1577 4925 284.
