4410 5910
259 454 348 537 230
1014 450 1164 504 ===

262 686 374 783 126.
463 678 749 782 AEGOC
773 682 982 777 Elios
1041 684 1278 775 Masimott.
1331 679 1466 773 TAB.
1503 676 1636 773 XIX.
1672 686 1720 769 et
1752 678 1852 799 ttg.
1895 702 1939 791 γ,

391 879 484 960 ΑΕ.
513 872 740 979 imberbis,
781 869 977 961 cornibus
1004 869 1180 975 lunens,
1222 866 1460 985 triquetris,
1500 864 1660 982 rugosis
1685 864 1946 955 flavescenti·

253 1032 353 1135 bus,
382 1028 591 1115 foeminae
615 1024 758 1111 nullis.

472 1176 578 1267 Ovis
605 1180 713 1279 sera,
758 1178 932 1263 Varron.
971 1178 1023 1263 de
1063 1206 1105 1261 re
1144 1193 1246 1260 nist.
1288 1173 1362 1260 tib.
1399 1176 1479 1258 m.
1523 1204 1615 1291 cap.
1656 1206 1718 1261 ra.
1741 1168 1944 1291 Oppium

524 1350 714 1445 cyneget.
751 1331 824 1416 lib.
853 1365 892 1414 a.
918 1363 958 1415 v.
988 1342 1083 1416 326.

470 1480 594 1569 Aries
622 1484 750 1584 ferus,
779 1485 994 1568 Columell.
1022 1482 1072 1566 de
1107 1509 1149 1564 re
1175 1499 1275 1564 mat.
1303 1479 1376 1566 tab.
1410 1514 1449 1588 7.
1486 1510 1579 1597 cap.
1609 1514 1647 1566 a.

471 1634 705 1737 Musimon,
744 1636 850 1720 Ptin.
885 1638 980 1719 ln'rt.
1015 1654 1101 1717 not.
1150 1631 1222 1718 ab.
1252 1644 1293 1716 8.
1320 1663 1412 1746 cap.
1441 1650 1509 1739 49.
1550 1634 1644 1752 Raj.
1672 1664 1768 1747 syn.
1796 1630 1944 1751 quadr·

615 1848 626 1870 .
685 1802 724 1874 5.

471 1820 766 2042 Lepillgouilon,
795 1941 959 2051 Buffon.
989 1942 1082 2025 hist.
1110 1941 1185 2024 XI.
1215 1974 1256 2056 p.
1287 1952 1380 2027 352.
1409 1936 1494 2023 tob.
1527 1972 1593 2044 29.

467 2089 578 2178 Ovis
605 2089 844 2191 orientalis,
874 2094 1047 2179 Gmelirt.
1070 2099 1157 2210 jun.
1186 2102 1317 2178 itiner.
1344 2097 1426 2177 vol.
1455 2095 1531 2175 ΠΙ.
1562 2124 1603 2206 p.
1633 2102 1729 2194 486.
1758 2088 1846 2175 tab.
1877 2098 1943 2177 55.

526 2244 670 2328 Pallas
697 2243 839 2358 spicit.
869 2245 987 2330 Zool.
1017 2248 1092 2330 XI.
1122 2279 1162 2361 p.
1199 2258 1259 2331 15.
1288 2262 1371 2327 net.
1399 2247 1453 2327 Κ.

469 2392 596 2477 Wild
622 2391 784 2509 Sheep,
823 2397 946 2480 Pena.
974 2401 1069 2482 hist.
1098 2398 1244 2512 quadr.
1274 2428 1315 2513 p.
1346 2409 1412 2503 39.
1444 2393 1668 2484 Corsicana
1695 2392 1862 2482 Variet.

278 2552 282 2559 ¹
364 2570 573 2670 Muflone,
603 2568 711 2652 ceta
732 2572 876 2685 quadr.
906 2571 1068 2683 Sordjn.
1099 2604 1140 2686 p.
1156 2572 1232 2652 ΠΙ.
1251 2578 1387 2654 icones
1413 2568 1559 2681 (maris
1572 2589 1617 2652 et
1629 2569 1756 2652 foem.
1769 2570 1946 2665 bonae).

417 2716 562 2804 Rossis
591 2720 757 2833 Stepnor'
794 2721 936 2805 Barim
977 2729 996 2832 (
1005 2720 1096 2807 ovis
1124 2720 1411 2836 campestris).
1480 2718 1763 2805 Truchmenis
1803 2722 1946 2809 Doch-

416 2873 560 2955 lruts'ch
597 2870 717 2997 (ovis
744 2873 874 2982 fera).
938 2874 1073 2960 Persis
1112 2876 1406 2959 Korseia-liuhi
1445 2876 1624 2986 (eodem
1662 2871 1947 2987 significatu).

418 3018 703 3109 Chivensibus
730 3024 876 3109 Arioi.
934 3026 1050 3111 Indis
1075 3028 1467 3141 miragii-Bliade.

389 3222 471 3305 Pro
511 3218 663 3335 Specie
704 3221 758 3305 ab
800 3220 1004 3336 Argalide
1046 3222 1264 3309 orientalis
1307 3220 1438 3309 Asiae
1476 3242 1522 3306 et
1556 3216 1737 3305 Sibiriae
1772 3219 1951 3335 penitus

253 3370 456 3463 distimta
483 3372 659 3459 omnino
687 3380 832 3491 (prout
859 3404 969 3459 nunc
996 3375 1154 3485 sentio)
1180 3376 1493 3491 agnoscendum
1520 3370 1697 3475 animal,
1726 3374 1845 3488 apud
1872 3360 1951 3459 noi

252 3548 419 3615 tantum
445 3524 491 3612 in
520 3525 777 3642 rupestribus
819 3525 1020 3613 montosis
1063 3530 1116 3612 ad
1152 3524 1360 3612 orientem
1388 3524 1513 3609 maris
1539 3522 1674 3640 caspii
1701 3522 1747 3606 in
1775 3522 1949 3611 ditione

252 3682 612 3765 Turcomanorum
655 3676 860 3779 occurrit,
901 3678 1160 3793 frequentius
1194 3678 1241 3761 in
1269 3676 1482 3762 montibus
1511 3672 1731 3759 Cerauniis
1757 3678 1950 3785 Persice,

252 3850 299 3914 et
327 3827 645 3914 verosimillime
687 3828 861 3913 ulterius
895 3828 942 3912 in
977 3853 1167 3917 montosa
1195 3829 1324 3915 Asiae
1363 3825 1570 3928 excurrit3
1611 3828 1832 3913 aboreali
1862 3802 1950 3917 siiu

252 3977 465 4069 abhorret.
521 3984 646 4067 Pellis
673 4011 798 4095 quam
827 4009 881 4067 ex
910 3980 1032 4067 India
1066 3979 1263 4068 orientali
1299 3980 1482 4065 adlatam
1517 3986 1663 4065 Museo
1696 3974 1950 4067 britannico
2047 4052 2049 4059 .

250 4130 396 4221 intulit
422 4134 558 4219 Amic.
586 4134 814 4218 Pennont
843 4161 868 4215 e
896 4130 1181 4249 descriptione
1208 4138 1298 4243 ejus
1321 4128 1540 4215 simillima
1561 4128 1795 4215 Musimoni
1828 4136 1950 4243 (hist.

251 4318 350 4403 pag.
385 4291 467 4397 re.)
523 4283 722 4403 Caspium
752 4283 909 4369 animal
936 4315 959 4366 a
988 4285 1119 4370 Sardo
1140 4308 1183 4368 et
1206 4284 1433 4370 Corsicano
1461 4279 1638 4367 omnino
1664 4312 1751 4365 non
1779 4274 1950 4391 dillert,

251 4441 365 4555 quod
404 4434 606 4552 graphice
648 4432 871 4550 descripsit
922 4439 1029 4522 cetri
1076 4444 1158 4523 loc.
1199 4448 1268 4522 cit.
1314 4456 1359 4519 et
1399 4434 1497 4519 satis
1536 4436 1645 4519 bene
1688 4430 1949 4523 delineavit.

250 4596 420 4677 Praeter
446 4610 580 4673 totam
606 4590 785 4673 formam
820 4586 1008 4672 colorem
1042 4612 1085 4673 et
1114 4582 1473 4702 magnitudinem,
1514 4580 1766 4700 praesertim
1796 4590 1951 4675 differt

250 4744 304 4827 ab
330 4737 558 4855 Argalide:
600 4739 802 4827 Comibus
837 4740 1023 4853 argutius
1058 4740 1294 4855 triquetris,
1339 4737 1460 4855 apice
1488 4767 1573 4823 non
1604 4759 1849 4827 extrorsum
1877 4744 1950 4829 de·

249 4892 394 4999 tortis,
422 4889 468 4979 in
496 4892 683 4980 foemina
710 4899 856 4981 nullis!
884 4893 1096 5007 comque
1124 4892 1330 5008 longiore.
1400 4891 1511 4979 Hinc
1546 4888 1724 4977 forsitan
1760 4894 1949 4983 ovillum
