<?xml version="1.0" encoding="UTF-8"?>
<!DOCTYPE html PUBLIC "-//W3C//DTD XHTML 1.0 Transitional//EN"
    "http://www.w3.org/TR/xhtml1/DTD/xhtml1-transitional.dtd">
<html xmlns="http://www.w3.org/1999/xhtml" xml:lang="en" lang="en">
 <head>
  <title>
</title>
<meta http-equiv="Content-Type" content="text/html;charset=utf-8" />
  <meta name='ocr-system' content='tesseract 3.04.00' />
  <meta name='ocr-capabilities' content='ocr_page ocr_carea ocr_par ocr_line ocrx_word'/>
</head>
<body>
  <div class='ocr_page' id='page_1' title='image "./zoographiarosso01pallgoog_0487.png"; bbox 0 0 4410 5910; ppageno 0'>
   <div class='ocr_carea' id='block_1_1' title="bbox 1025 267 1937 397">
    <p class='ocr_par' dir='ltr' id='par_1_1' title="bbox 1025 267 1937 397">
     <span class='ocr_line' id='line_1_1' title="bbox 1025 267 1937 397; baseline 0 -3"><span class='ocrx_word' id='word_1_1' title='bbox 1025 267 1205 354; x_wconf 58' lang='lat' dir='ltr'><strong>&#39;m&#39;</strong></span> <span class='ocrx_word' id='word_1_2' title='bbox 1848 303 1937 397; x_wconf 73' lang='lat'><strong>435</strong></span> 
     </span>
    </p>
   </div>
   <div class='ocr_carea' id='block_1_2' title="bbox 248 497 2001 2602">
    <p class='ocr_par' dir='ltr' id='par_1_2' title="bbox 248 497 2001 2602">
     <span class='ocr_line' id='line_1_2' title="bbox 385 497 1941 623; baseline 0.004 -38"><span class='ocrx_word' id='word_1_3' title='bbox 385 501 432 585; x_wconf 89' lang='lat' dir='ltr'><strong><em>N</em></strong></span> <span class='ocrx_word' id='word_1_4' title='bbox 435 519 536 588; x_wconf 81' lang='lat' dir='ltr'><strong>ota.</strong></span> <span class='ocrx_word' id='word_1_5' title='bbox 572 497 849 609; x_wconf 30' lang='lat' dir='ltr'><strong>,Differentia</strong></span> <span class='ocrx_word' id='word_1_6' title='bbox 876 500 1136 617; x_wconf 75' lang='lat' dir='ltr'><strong>nostratium.</strong></span> <span class='ocrx_word' id='word_1_7' title='bbox 1155 504 1207 588; x_wconf 91' lang='lat' dir='ltr'><strong>ab</strong></span> <span class='ocrx_word' id='word_1_8' title='bbox 1236 499 1454 620; x_wconf 81' lang='lat' dir='ltr'><strong>europaeis</strong></span> <span class='ocrx_word' id='word_1_9' title='bbox 1480 504 1607 620; x_wconf 85' lang='lat' dir='ltr'><strong>plane</strong></span> <span class='ocrx_word' id='word_1_10' title='bbox 1635 507 1772 609; x_wconf 86' lang='lat' dir='ltr'><strong>nulla,</strong></span> <span class='ocrx_word' id='word_1_11' title='bbox 1801 535 1941 623; x_wconf 86' lang='lat' dir='ltr'><strong>neque</strong></span> 
     </span>
     <span class='ocr_line' id='line_1_3' title="bbox 249 655 1939 772; baseline 0.001 -31"><span class='ocrx_word' id='word_1_12' title='bbox 249 656 444 741; x_wconf 89' lang='lat' dir='ltr'><strong>intanto</strong></span> <span class='ocrx_word' id='word_1_13' title='bbox 471 686 645 742; x_wconf 86' lang='lat' dir='ltr'><strong>numero</strong></span> <span class='ocrx_word' id='word_1_14' title='bbox 674 655 854 741; x_wconf 87' lang='lat' dir='ltr'><strong>varietas</strong></span> <span class='ocrx_word' id='word_1_15' title='bbox 881 656 969 741; x_wconf 90' lang='lat' dir='ltr'><strong>ulla</strong></span> <span class='ocrx_word' id='word_1_16' title='bbox 995 683 1177 771; x_wconf 87' lang='lat' dir='ltr'><strong>unquam</strong></span> <span class='ocrx_word' id='word_1_17' title='bbox 1205 659 1435 743; x_wconf 82' lang='lat' dir='ltr'><strong>observata.</strong></span> <span class='ocrx_word' id='word_1_18' title='bbox 1491 660 1656 772; x_wconf 79' lang='lat' dir='ltr'><strong>Lingua</strong></span> <span class='ocrx_word' id='word_1_19' title='bbox 1677 656 1939 762; x_wconf 88' lang='lat' dir='ltr'><strong>brevissima,</strong></span> 
     </span>
     <span class='ocr_line' id='line_1_4' title="bbox 250 807 2001 932; baseline 0.001 -37"><span class='ocrx_word' id='word_1_20' title='bbox 250 807 530 922; x_wconf 75' lang='lat' dir='ltr'><strong>triangularis.</strong></span> <span class='ocrx_word' id='word_1_21' title='bbox 598 812 757 932; x_wconf 83' lang='lat' dir='ltr'><strong>Corpus</strong></span> <span class='ocrx_word' id='word_1_22' title='bbox 786 807 954 895; x_wconf 81' lang='lat' dir='ltr'><strong>vinacei</strong></span> <span class='ocrx_word' id='word_1_23' title='bbox 982 839 1055 895; x_wconf 88' lang='lat' dir='ltr'><strong>seu</strong></span> <span class='ocrx_word' id='word_1_24' title='bbox 1095 840 1118 894; x_wconf 89' lang='lat' dir='ltr'><strong>e</strong></span> <span class='ocrx_word' id='word_1_25' title='bbox 1157 839 1306 926; x_wconf 83' lang='lat' dir='ltr'><strong>gryseo</strong></span> <span class='ocrx_word' id='word_1_26' title='bbox 1348 808 1508 925; x_wconf 88' lang='lat' dir='ltr'><strong>pallide</strong></span> <span class='ocrx_word' id='word_1_27' title='bbox 1551 811 1728 896; x_wconf 89' lang='lat' dir='ltr'><strong>lateritii</strong></span> <span class='ocrx_word' id='word_1_28' title='bbox 1771 810 1940 911; x_wconf 89' lang='lat' dir='ltr'><strong>coloris,</strong></span> <span class='ocrx_word' id='word_1_29' title='bbox 1995 860 2001 871; x_wconf 42' lang='lat' dir='ltr'>f</span> 
     </span>
     <span class='ocr_line' id='line_1_5' title="bbox 251 931 1940 1077; baseline 0 -32"><span class='ocrx_word' id='word_1_30' title='bbox 251 964 376 1046; x_wconf 91' lang='lat' dir='ltr'><strong>dorso</strong></span> <span class='ocrx_word' id='word_1_31' title='bbox 404 960 537 1074; x_wconf 90' lang='lat' dir='ltr'><strong>magis</strong></span> <span class='ocrx_word' id='word_1_32' title='bbox 580 931 885 1065; x_wconf 81' lang='lat' dir='ltr'><strong>cinerescente,</strong></span> <span class='ocrx_word' id='word_1_33' title='bbox 928 984 1101 1077; x_wconf 88' lang='lat' dir='ltr'>pectore</span> <span class='ocrx_word' id='word_1_34' title='bbox 1143 961 1364 1047; x_wconf 86' lang='lat' dir='ltr'><strong>albidiore.</strong></span> <span class='ocrx_word' id='word_1_35' title='bbox 1434 968 1584 1048; x_wconf 85' lang='lat' dir='ltr'><strong>Latera</strong></span> <span class='ocrx_word' id='word_1_36' title='bbox 1624 961 1763 1049; x_wconf 90' lang='lat' dir='ltr'><strong>lituris</strong></span> <span class='ocrx_word' id='word_1_37' title='bbox 1801 961 1940 1077; x_wconf 85' lang='lat' dir='ltr'><strong>longis</strong></span> 
     </span>
     <span class='ocr_line' id='line_1_6' title="bbox 250 1112 1939 1234; baseline 0.002 -36"><span class='ocrx_word' id='word_1_38' title='bbox 250 1113 391 1198; x_wconf 83' lang='lat' dir='ltr'><strong>fuscis.</strong></span> <span class='ocrx_word' id='word_1_39' title='bbox 446 1117 574 1215; x_wconf 81' lang='lat' dir='ltr'><strong>Alae,</strong></span> <span class='ocrx_word' id='word_1_40' title='bbox 604 1138 770 1229; x_wconf 86' lang='lat' dir='ltr'><strong>praeter</strong></span> <span class='ocrx_word' id='word_1_41' title='bbox 796 1112 1015 1218; x_wconf 87' lang='lat' dir='ltr'><strong>humeros,</strong></span> <span class='ocrx_word' id='word_1_42' title='bbox 1045 1116 1211 1230; x_wconf 79' lang='lat' dir='ltr'><strong>nigrae,</strong></span> <span class='ocrx_word' id='word_1_43' title='bbox 1249 1113 1389 1200; x_wconf 82' lang='lat' dir='ltr'><strong>fasciis</strong></span> <span class='ocrx_word' id='word_1_44' title='bbox 1418 1114 1547 1215; x_wconf 87' lang='lat' dir='ltr'><strong>albis,</strong></span> <span class='ocrx_word' id='word_1_45' title='bbox 1586 1145 1669 1204; x_wconf 86' lang='lat' dir='ltr'><strong>una</strong></span> <span class='ocrx_word' id='word_1_46' title='bbox 1697 1146 1773 1234; x_wconf 86' lang='lat' dir='ltr'><strong>per</strong></span> <span class='ocrx_word' id='word_1_47' title='bbox 1801 1137 1939 1201; x_wconf 91' lang='lat' dir='ltr'><strong>totum</strong></span> 
     </span>
     <span class='ocr_line' id='line_1_7' title="bbox 252 1263 1941 1384; baseline 0 -34"><span class='ocrx_word' id='word_1_48' title='bbox 252 1263 457 1350; x_wconf 86' lang='lat' dir='ltr'><strong>ambitum</strong></span> <span class='ocrx_word' id='word_1_49' title='bbox 484 1264 530 1349; x_wconf 92' lang='lat' dir='ltr'><strong>in</strong></span> <span class='ocrx_word' id='word_1_50' title='bbox 559 1266 789 1381; x_wconf 81' lang='lat' dir='ltr'><strong>remigibus</strong></span> <span class='ocrx_word' id='word_1_51' title='bbox 829 1267 1041 1384; x_wconf 86' lang='lat' dir='ltr'><strong>primariis</strong></span> <span class='ocrx_word' id='word_1_52' title='bbox 1082 1267 1208 1358; x_wconf 82' lang='lat' dir='ltr'><strong>latior</strong></span> <span class='ocrx_word' id='word_1_53' title='bbox 1247 1287 1291 1350; x_wconf 90' lang='lat' dir='ltr'><strong>et</strong></span> <span class='ocrx_word' id='word_1_54' title='bbox 1329 1266 1551 1371; x_wconf 87' lang='lat' dir='ltr'><strong>continua,</strong></span> <span class='ocrx_word' id='word_1_55' title='bbox 1593 1267 1639 1353; x_wconf 93' lang='lat' dir='ltr'><strong>in</strong></span> <span class='ocrx_word' id='word_1_56' title='bbox 1681 1264 1941 1354; x_wconf 85' lang='lat' dir='ltr'><strong>secundariis</strong></span> 
     </span>
     <span class='ocr_line' id='line_1_8' title="bbox 251 1416 1940 1536; baseline -0.001 -34"><span class='ocrx_word' id='word_1_57' title='bbox 251 1416 504 1534; x_wconf 86' lang='lat' dir='ltr'><strong>interrupta;</strong></span> <span class='ocrx_word' id='word_1_58' title='bbox 544 1443 588 1504; x_wconf 91' lang='lat' dir='ltr'><strong>et</strong></span> <span class='ocrx_word' id='word_1_59' title='bbox 615 1439 647 1524; x_wconf 74' lang='grc'><strong>4·</strong></span> <span class='ocrx_word' id='word_1_60' title='bbox 669 1450 747 1536; x_wconf 90' lang='lat' dir='ltr'><strong>per</strong></span> <span class='ocrx_word' id='word_1_61' title='bbox 775 1419 859 1504; x_wconf 84' lang='lat' dir='ltr'><strong>alas</strong></span> <span class='ocrx_word' id='word_1_62' title='bbox 887 1419 1172 1523; x_wconf 82' lang='lat' dir='ltr'><strong>secturdarias,</strong></span> <span class='ocrx_word' id='word_1_63' title='bbox 1217 1448 1392 1534; x_wconf 87' lang='lat' dir='ltr'><strong>quarum</strong></span> <span class='ocrx_word' id='word_1_64' title='bbox 1420 1456 1458 1504; x_wconf 81' lang='lat' dir='ltr'><strong>a.</strong></span> <span class='ocrx_word' id='word_1_65' title='bbox 1487 1418 1714 1533; x_wconf 81' lang='lat' dir='ltr'><strong>remigum,</strong></span> <span class='ocrx_word' id='word_1_66' title='bbox 1754 1449 1836 1504; x_wconf 86' lang='lat' dir='ltr'><strong>una</strong></span> <span class='ocrx_word' id='word_1_67' title='bbox 1863 1448 1940 1534; x_wconf 90' lang='lat' dir='ltr'><strong>per</strong></span> 
     </span>
     <span class='ocr_line' id='line_1_9' title="bbox 250 1563 1938 1687; baseline 0.001 -35"><span class='ocrx_word' id='word_1_68' title='bbox 250 1569 411 1653; x_wconf 89' lang='lat' dir='ltr'><strong>medias</strong></span> <span class='ocrx_word' id='word_1_69' title='bbox 438 1563 654 1676; x_wconf 69' lang='lat' dir='ltr'><strong>metricas,</strong></span> <span class='ocrx_word' id='word_1_70' title='bbox 698 1604 857 1658; x_wconf 84' lang='lat' dir='ltr'><strong>summa</strong></span> <span class='ocrx_word' id='word_1_71' title='bbox 893 1602 969 1687; x_wconf 89' lang='lat' dir='ltr'><strong>per</strong></span> <span class='ocrx_word' id='word_1_72' title='bbox 995 1572 1307 1673; x_wconf 86' lang='lat' dir='ltr'><strong>incumbentes,</strong></span> <span class='ocrx_word' id='word_1_73' title='bbox 1350 1600 1483 1685; x_wconf 89' lang='lat' dir='ltr'><strong>eaque</strong></span> <span class='ocrx_word' id='word_1_74' title='bbox 1510 1602 1586 1686; x_wconf 91' lang='lat' dir='ltr'><strong>per</strong></span> <span class='ocrx_word' id='word_1_75' title='bbox 1614 1575 1782 1657; x_wconf 88' lang='lat' dir='ltr'><strong>dorsum</strong></span> <span class='ocrx_word' id='word_1_76' title='bbox 1808 1592 1938 1655; x_wconf 88' lang='lat' dir='ltr'><strong>trans·</strong></span> 
     </span>
     <span class='ocr_line' id='line_1_10' title="bbox 249 1723 1937 1839; baseline 0.002 -36"><span class='ocrx_word' id='word_1_77' title='bbox 249 1750 368 1806; x_wconf 85' lang='lat' dir='ltr'><strong>verse</strong></span> <span class='ocrx_word' id='word_1_78' title='bbox 409 1725 674 1824; x_wconf 90' lang='lat' dir='ltr'><strong>continuata,</strong></span> <span class='ocrx_word' id='word_1_79' title='bbox 715 1724 837 1838; x_wconf 89' lang='lat' dir='ltr'><strong>nigro</strong></span> <span class='ocrx_word' id='word_1_80' title='bbox 881 1723 1125 1838; x_wconf 84' lang='lat' dir='ltr'><strong>marginata.</strong></span> <span class='ocrx_word' id='word_1_81' title='bbox 1201 1733 1314 1810; x_wconf 89' lang='lat' dir='ltr'><strong>Pone</strong></span> <span class='ocrx_word' id='word_1_82' title='bbox 1353 1755 1448 1809; x_wconf 88' lang='lat' dir='ltr'><strong>eam</strong></span> <span class='ocrx_word' id='word_1_83' title='bbox 1486 1724 1740 1839; x_wconf 88' lang='lat' dir='ltr'><strong>uropygium</strong></span> <span class='ocrx_word' id='word_1_84' title='bbox 1781 1725 1937 1808; x_wconf 87' lang='lat' dir='ltr'><strong>album.</strong></span> 
     </span>
     <span class='ocr_line' id='line_1_11' title="bbox 250 1874 1937 1992; baseline -0.001 -31"><span class='ocrx_word' id='word_1_85' title='bbox 250 1877 399 1961; x_wconf 81' lang='lat' dir='ltr'><strong>Caudn</strong></span> <span class='ocrx_word' id='word_1_86' title='bbox 426 1876 745 1991; x_wconf 88' lang='lat' dir='ltr'><strong>decempennis,</strong></span> <span class='ocrx_word' id='word_1_87' title='bbox 775 1876 980 1992; x_wconf 87' lang='lat' dir='ltr'><strong>aequalis,</strong></span> <span class='ocrx_word' id='word_1_88' title='bbox 1012 1885 1126 1963; x_wconf 89' lang='lat' dir='ltr'><strong>Zona</strong></span> <span class='ocrx_word' id='word_1_89' title='bbox 1152 1874 1457 1963; x_wconf 90' lang='lat' dir='ltr'><strong>semicirculari</strong></span> <span class='ocrx_word' id='word_1_90' title='bbox 1486 1876 1593 1963; x_wconf 88' lang='lat' dir='ltr'><strong>alba.</strong></span> <span class='ocrx_word' id='word_1_91' title='bbox 1652 1880 1811 1963; x_wconf 79' lang='lat' dir='ltr'><strong>Cristae</strong></span> <span class='ocrx_word' id='word_1_92' title='bbox 1838 1905 1937 1992; x_wconf 86' lang='lat' dir='ltr'><strong>pen·</strong></span> 
     </span>
     <span class='ocr_line' id='line_1_12' title="bbox 250 2025 1937 2146; baseline -0.001 -31"><span class='ocrx_word' id='word_1_93' title='bbox 250 2062 329 2115; x_wconf 89' lang='lat' dir='ltr'><strong>nae</strong></span> <span class='ocrx_word' id='word_1_94' title='bbox 360 2027 569 2144; x_wconf 83' lang='lat' dir='ltr'><strong>longiores</strong></span> <span class='ocrx_word' id='word_1_95' title='bbox 599 2028 718 2144; x_wconf 89' lang='lat' dir='ltr'><strong>apice</strong></span> <span class='ocrx_word' id='word_1_96' title='bbox 747 2029 904 2146; x_wconf 87' lang='lat' dir='ltr'><strong>nigrae.</strong></span> <span class='ocrx_word' id='word_1_97' title='bbox 976 2031 1143 2115; x_wconf 80' lang='lat' dir='ltr'><strong>Pondus</strong></span> <span class='ocrx_word' id='word_1_98' title='bbox 1185 2057 1227 2128; x_wconf 66' lang='lat'><strong>2}</strong></span> <span class='ocrx_word' id='word_1_99' title='bbox 1269 2030 1322 2112; x_wconf 84' lang='lat' dir='ltr'><strong>ad</strong></span> <span class='ocrx_word' id='word_1_100' title='bbox 1360 2042 1383 2114; x_wconf 85' lang='lat'><strong>3</strong></span> <span class='ocrx_word' id='word_1_101' title='bbox 1420 2027 1578 2115; x_wconf 76' lang='lat' dir='ltr'><strong>uncias.</strong></span> <span class='ocrx_word' id='word_1_102' title='bbox 1621 2025 1821 2142; x_wconf 83' lang='lat' dir='ltr'><strong>exiguum</strong></span> <span class='ocrx_word' id='word_1_103' title='bbox 1860 2057 1937 2143; x_wconf 88' lang='lat' dir='ltr'><strong>pro</strong></span> 
     </span>
     <span class='ocr_line' id='line_1_13' title="bbox 248 2180 1935 2300; baseline -0.002 -32"><span class='ocrx_word' id='word_1_104' title='bbox 248 2183 362 2268; x_wconf 88' lang='lat' dir='ltr'><strong>mole</strong></span> <span class='ocrx_word' id='word_1_105' title='bbox 393 2180 495 2266; x_wconf 84' lang='lat' dir='ltr'><strong>avis.</strong></span> <span class='ocrx_word' id='word_1_106' title='bbox 565 2185 820 2268; x_wconf 78' lang='lat' dir='ltr'><strong>Ventriculus</strong></span> <span class='ocrx_word' id='word_1_107' title='bbox 853 2182 1170 2300; x_wconf 87' lang='lat' dir='ltr'><strong>panniculosus,</strong></span> <span class='ocrx_word' id='word_1_108' title='bbox 1212 2208 1310 2268; x_wconf 88' lang='lat' dir='ltr'><strong>cum</strong></span> <span class='ocrx_word' id='word_1_109' title='bbox 1343 2181 1578 2296; x_wconf 77' lang='lat' dir='ltr'><strong>epicnrdide</strong></span> <span class='ocrx_word' id='word_1_110' title='bbox 1605 2182 1935 2284; x_wconf 87' lang='lat' dir='ltr'><strong>membranacea,</strong></span> 
     </span>
     <span class='ocr_line' id='line_1_14' title="bbox 249 2331 1936 2452; baseline 0.001 -32"><span class='ocrx_word' id='word_1_111' title='bbox 249 2333 422 2449; x_wconf 63' lang='lat' dir='ltr'><strong>carabis⁸</strong></span> <span class='ocrx_word' id='word_1_112' title='bbox 438 2333 685 2449; x_wconf 89' lang='lat' dir='ltr'><strong>plerumque</strong></span> <span class='ocrx_word' id='word_1_113' title='bbox 715 2339 904 2421; x_wconf 85' lang='lat' dir='ltr'><strong>refertus.</strong></span> <span class='ocrx_word' id='word_1_114' title='bbox 968 2340 1208 2423; x_wconf 80' lang='lat' dir='ltr'><strong>intestinum</strong></span> <span class='ocrx_word' id='word_1_115' title='bbox 1233 2332 1377 2452; x_wconf 89' lang='lat' dir='ltr'><strong>pedali</strong></span> <span class='ocrx_word' id='word_1_116' title='bbox 1405 2331 1566 2439; x_wconf 87' lang='lat' dir='ltr'><strong>minus,</strong></span> <span class='ocrx_word' id='word_1_117' title='bbox 1609 2331 1708 2423; x_wconf 84' lang='lat' dir='ltr'><strong>satis</strong></span> <span class='ocrx_word' id='word_1_118' title='bbox 1736 2332 1936 2449; x_wconf 83' lang='lat' dir='ltr'><strong>amplum·</strong></span> 
     </span>
     <span class='ocr_line' id='line_1_15' title="bbox 250 2488 938 2602; baseline 0.001 -28"><span class='ocrx_word' id='word_1_119' title='bbox 250 2490 385 2575; x_wconf 78' lang='lat' dir='ltr'><strong>Cocco</strong></span> <span class='ocrx_word' id='word_1_120' title='bbox 412 2509 457 2572; x_wconf 89' lang='lat' dir='ltr'><strong>et</strong></span> <span class='ocrx_word' id='word_1_121' title='bbox 483 2490 625 2602; x_wconf 75' lang='lat' dir='ltr'><strong>Cystis</strong></span> <span class='ocrx_word' id='word_1_122' title='bbox 653 2488 780 2584; x_wconf 83' lang='lat' dir='ltr'><strong>fellea</strong></span> <span class='ocrx_word' id='word_1_123' title='bbox 808 2491 938 2577; x_wconf 89' lang='lat' dir='ltr'><strong>nulla.</strong></span> 
     </span>
    </p>
   </div>
   <div class='ocr_carea' id='block_1_3' title="bbox 651 2897 1535 3036">
    <p class='ocr_par' dir='ltr' id='par_1_3' title="bbox 651 2897 1535 3036">
     <span class='ocr_line' id='line_1_16' title="bbox 651 2897 1535 3036; baseline -0.011 -30"><span class='ocrx_word' id='word_1_124' title='bbox 651 2897 1535 3036; x_wconf 74' lang='lat' dir='ltr'><strong>xm.Atcsu1Nss</strong></span> 
     </span>
    </p>
   </div>
   <div class='ocr_carea' id='block_1_4' title="bbox 252 3109 1943 3534">
    <p class='ocr_par' dir='ltr' id='par_1_4' title="bbox 252 3109 1943 3534">
     <span class='ocr_line' id='line_1_17' title="bbox 346 3109 1943 3232; baseline -0.003 -34"><span class='ocrx_word' id='word_1_125' title='bbox 346 3212 350 3223; x_wconf 31' lang='grc' dir='ltr'><strong><em>Ι</em></strong></span> <span class='ocrx_word' id='word_1_126' title='bbox 387 3113 647 3202; x_wconf 84' lang='lat' dir='ltr'><strong>Alcedinum</strong></span> <span class='ocrx_word' id='word_1_127' title='bbox 675 3146 826 3230; x_wconf 86' lang='lat' dir='ltr'><strong>genus,</strong></span> <span class='ocrx_word' id='word_1_128' title='bbox 857 3145 986 3232; x_wconf 90' lang='lat' dir='ltr'><strong>quum</strong></span> <span class='ocrx_word' id='word_1_129' title='bbox 1013 3115 1069 3199; x_wconf 87' lang='lat' dir='ltr'><strong>sit</strong></span> <span class='ocrx_word' id='word_1_130' title='bbox 1098 3115 1209 3228; x_wconf 85' lang='lat' dir='ltr'><strong>apud</strong></span> <span class='ocrx_word' id='word_1_131' title='bbox 1236 3141 1335 3216; x_wconf 85' lang='lat' dir='ltr'><strong>nos,</strong></span> <span class='ocrx_word' id='word_1_132' title='bbox 1378 3134 1421 3196; x_wconf 91' lang='lat' dir='ltr'><strong>et</strong></span> <span class='ocrx_word' id='word_1_133' title='bbox 1447 3109 1494 3194; x_wconf 88' lang='lat' dir='ltr'><strong>in</strong></span> <span class='ocrx_word' id='word_1_134' title='bbox 1523 3109 1641 3195; x_wconf 90' lang='lat' dir='ltr'><strong>omni</strong></span> <span class='ocrx_word' id='word_1_135' title='bbox 1670 3113 1834 3224; x_wconf 86' lang='lat' dir='ltr'><strong>Europa</strong></span> <span class='ocrx_word' id='word_1_136' title='bbox 1863 3110 1943 3194; x_wconf 89' lang='lat' dir='ltr'><strong>mi·</strong></span> 
     </span>
     <span class='ocr_line' id='line_1_18' title="bbox 252 3261 1941 3378; baseline -0.004 -25"><span class='ocrx_word' id='word_1_137' title='bbox 252 3267 368 3353; x_wconf 88' lang='lat' dir='ltr'><strong>nime</strong></span> <span class='ocrx_word' id='word_1_138' title='bbox 395 3298 687 3374; x_wconf 88' lang='lat' dir='ltr'><strong>numerosum,</strong></span> <span class='ocrx_word' id='word_1_139' title='bbox 731 3291 776 3353; x_wconf 88' lang='lat' dir='ltr'><strong>et</strong></span> <span class='ocrx_word' id='word_1_140' title='bbox 803 3269 929 3353; x_wconf 89' lang='lat' dir='ltr'><strong>simul</strong></span> <span class='ocrx_word' id='word_1_141' title='bbox 959 3267 1142 3353; x_wconf 86' lang='lat' dir='ltr'><strong>maxime</strong></span> <span class='ocrx_word' id='word_1_142' title='bbox 1182 3266 1370 3350; x_wconf 87' lang='lat' dir='ltr'><strong>naturale</strong></span> <span class='ocrx_word' id='word_1_143' title='bbox 1411 3285 1456 3351; x_wconf 90' lang='lat' dir='ltr'><strong>et</strong></span> <span class='ocrx_word' id='word_1_144' title='bbox 1497 3261 1738 3367; x_wconf 87' lang='lat' dir='ltr'><strong>definitum,</strong></span> <span class='ocrx_word' id='word_1_145' title='bbox 1780 3261 1941 3378; x_wconf 84' lang='lat' dir='ltr'><strong>praefa-</strong></span> 
     </span>
     <span class='ocr_line' id='line_1_19' title="bbox 252 3418 846 3534; baseline -0.008 -26"><span class='ocrx_word' id='word_1_146' title='bbox 252 3418 371 3508; x_wconf 86' lang='lat' dir='ltr'><strong>tione</strong></span> <span class='ocrx_word' id='word_1_147' title='bbox 399 3451 484 3510; x_wconf 92' lang='lat' dir='ltr'><strong>non</strong></span> <span class='ocrx_word' id='word_1_148' title='bbox 511 3450 635 3534; x_wconf 85' lang='lat' dir='ltr'><strong>egere</strong></span> <span class='ocrx_word' id='word_1_149' title='bbox 666 3421 846 3507; x_wconf 74' lang='lat' dir='ltr'><strong>ridetur.</strong></span> 
     </span>
    </p>
   </div>
   <div class='ocr_carea' id='block_1_5' title="bbox 680 3638 1525 3764">
    <p class='ocr_par' dir='ltr' id='par_1_5' title="bbox 680 3638 1525 3764">
     <span class='ocr_line' id='line_1_20' title="bbox 680 3638 1525 3764; baseline -0.005 -30"><span class='ocrx_word' id='word_1_150' title='bbox 680 3669 758 3764; x_wconf 74' lang='lat'><strong>79.</strong></span> <span class='ocrx_word' id='word_1_151' title='bbox 850 3646 893 3733; x_wconf 87' lang='lat' dir='ltr'><strong>A</strong></span> <span class='ocrx_word' id='word_1_152' title='bbox 923 3647 956 3733; x_wconf 90' lang='lat' dir='ltr'>L</span> <span class='ocrx_word' id='word_1_153' title='bbox 985 3638 1027 3734; x_wconf 93' lang='lat' dir='ltr'>C</span> <span class='ocrx_word' id='word_1_154' title='bbox 1056 3643 1096 3733; x_wconf 85' lang='lat' dir='ltr'>E</span> <span class='ocrx_word' id='word_1_155' title='bbox 1125 3642 1169 3734; x_wconf 95' lang='lat' dir='ltr'>D</span> <span class='ocrx_word' id='word_1_156' title='bbox 1198 3644 1240 3732; x_wconf 94' lang='lat' dir='ltr'>O</span> <span class='ocrx_word' id='word_1_157' title='bbox 1313 3640 1525 3762; x_wconf 81' lang='lat' dir='ltr'><strong>[spida.</strong></span> 
     </span>
    </p>
   </div>
   <div class='ocr_carea' id='block_1_6' title="bbox 254 3823 1941 4879">
    <p class='ocr_par' dir='ltr' id='par_1_6' title="bbox 254 3823 1941 4879">
     <span class='ocr_line' id='line_1_21' title="bbox 388 3823 1941 3953; baseline -0.003 -37"><span class='ocrx_word' id='word_1_158' title='bbox 388 3836 443 3917; x_wconf 87' lang='lat' dir='ltr'><strong>A.</strong></span> <span class='ocrx_word' id='word_1_159' title='bbox 471 3829 726 3953; x_wconf 79' lang='lat' dir='ltr'><strong>brachyura‚</strong></span> <span class='ocrx_word' id='word_1_160' title='bbox 757 3862 879 3946; x_wconf 88' lang='lat' dir='ltr'><strong>supra</strong></span> <span class='ocrx_word' id='word_1_161' title='bbox 908 3861 1067 3946; x_wconf 88' lang='lat' dir='ltr'><strong>cyanea</strong></span> <span class='ocrx_word' id='word_1_162' title='bbox 1094 3852 1312 3946; x_wconf 80' lang='lat' dir='ltr'><strong>punctata,</strong></span> <span class='ocrx_word' id='word_1_163' title='bbox 1355 3832 1498 3914; x_wconf 84' lang='lat' dir='ltr'><strong>subtus</strong></span> <span class='ocrx_word' id='word_1_164' title='bbox 1524 3824 1781 3941; x_wconf 84' lang='lat' dir='ltr'><strong>ferruginea,</strong></span> <span class='ocrx_word' id='word_1_165' title='bbox 1820 3823 1941 3912; x_wconf 81' lang='lat' dir='ltr'><strong>vittis</strong></span> 
     </span>
     <span class='ocr_line' id='line_1_22' title="bbox 254 3981 1055 4073; baseline -0.007 -1"><span class='ocrx_word' id='word_1_166' title='bbox 254 3984 496 4073; x_wconf 83' lang='lat' dir='ltr'><strong>lateralibus</strong></span> <span class='ocrx_word' id='word_1_167' title='bbox 524 3981 624 4069; x_wconf 90' lang='lat' dir='ltr'><strong>colli</strong></span> <span class='ocrx_word' id='word_1_168' title='bbox 657 3985 890 4067; x_wconf 81' lang='lat' dir='ltr'><strong>rufescente</strong></span> <span class='ocrx_word' id='word_1_169' title='bbox 904 4032 919 4047; x_wconf 93' lang='lat'><em>·</em></span> <span class='ocrx_word' id='word_1_170' title='bbox 934 3981 1055 4068; x_wconf 84' lang='lat' dir='ltr'><strong>albis.</strong></span> 
     </span>
     <span class='ocr_line' id='line_1_23' title="bbox 473 4131 1940 4251; baseline -0.003 -31"><span class='ocrx_word' id='word_1_171' title='bbox 473 4135 616 4251; x_wconf 88' lang='lat' dir='ltr'><strong>Ispida</strong></span> <span class='ocrx_word' id='word_1_172' title='bbox 642 4157 878 4251; x_wconf 83' lang='lat' dir='ltr'><strong>auctorum,</strong></span> <span class='ocrx_word' id='word_1_173' title='bbox 915 4135 1136 4248; x_wconf 82' lang='lat' dir='ltr'><strong>Willughb.</strong></span> <span class='ocrx_word' id='word_1_174' title='bbox 1166 4165 1253 4220; x_wconf 87' lang='lat' dir='ltr'><strong>om.</strong></span> <span class='ocrx_word' id='word_1_175' title='bbox 1294 4167 1336 4250; x_wconf 82' lang='lat' dir='ltr'><strong>p.</strong></span> <span class='ocrx_word' id='word_1_176' title='bbox 1371 4168 1459 4218; x_wconf 86' lang='lat'>101.</span> <span class='ocrx_word' id='word_1_177' title='bbox 1500 4131 1586 4218; x_wconf 86' lang='lat' dir='ltr'><strong>tab.</strong></span> <span class='ocrx_word' id='word_1_178' title='bbox 1617 4148 1683 4238; x_wconf 76' lang='lat'><strong>⁹4·</strong></span> <span class='ocrx_word' id='word_1_179' title='bbox 1722 4133 1815 4248; x_wconf 81' lang='lat' dir='ltr'><strong>lloj.</strong></span> <span class='ocrx_word' id='word_1_180' title='bbox 1845 4159 1940 4242; x_wconf 82' lang='lat' dir='ltr'><strong>syn.</strong></span> 
     </span>
     <span class='ocr_line' id='line_1_24' title="bbox 369 4282 1941 4405; baseline -0.003 -32"><span class='ocrx_word' id='word_1_181' title='bbox 369 4377 373 4385; x_wconf 67' lang='grc'><em>,</em></span> <span class='ocrx_word' id='word_1_182' title='bbox 529 4301 594 4373; x_wconf 77' lang='lat' dir='ltr'><strong>ab.</strong></span> <span class='ocrx_word' id='word_1_183' title='bbox 623 4320 665 4405; x_wconf 85' lang='lat' dir='ltr'><strong>p.</strong></span> <span class='ocrx_word' id='word_1_184' title='bbox 694 4299 762 4391; x_wconf 79' lang='grc'><strong>48.</strong></span> <span class='ocrx_word' id='word_1_185' title='bbox 791 4320 830 4370; x_wconf 88' lang='grc' dir='ltr'><strong>η.</strong></span> <span class='ocrx_word' id='word_1_186' title='bbox 867 4323 901 4372; x_wconf 83' lang='grc' dir='ltr'><strong>ι.</strong></span> <span class='ocrx_word' id='word_1_187' title='bbox 928 4287 1069 4373; x_wconf 74' lang='lat' dir='ltr'><strong>Albin.</strong></span> <span class='ocrx_word' id='word_1_188' title='bbox 1099 4317 1165 4372; x_wconf 79' lang='lat' dir='ltr'><strong>av.</strong></span> <span class='ocrx_word' id='word_1_189' title='bbox 1193 4289 1227 4371; x_wconf 88' lang='lat' dir='ltr'><strong>l.</strong></span> <span class='ocrx_word' id='word_1_190' title='bbox 1263 4287 1348 4376; x_wconf 82' lang='lat' dir='ltr'><strong>tab.</strong></span> <span class='ocrx_word' id='word_1_191' title='bbox 1380 4301 1446 4395; x_wconf 73' lang='lat'><strong>54·</strong></span> <span class='ocrx_word' id='word_1_192' title='bbox 1486 4289 1666 4374; x_wconf 75' lang='lat' dir='ltr'><strong>Brittan.</strong></span> <span class='ocrx_word' id='word_1_193' title='bbox 1693 4285 1840 4374; x_wconf 72' lang='lat' dir='ltr'><strong>omitlt·</strong></span> <span class='ocrx_word' id='word_1_194' title='bbox 1867 4282 1941 4368; x_wconf 76' lang='lat' dir='ltr'><strong>IV.</strong></span> 
     </span>
     <span class='ocr_line' id='line_1_25' title="bbox 527 4459 1358 4557; baseline -0.002 -9"><span class='ocrx_word' id='word_1_195' title='bbox 527 4475 626 4556; x_wconf 67' lang='lat' dir='ltr'><strong>ras·</strong></span> <span class='ocrx_word' id='word_1_196' title='bbox 656 4459 750 4550; x_wconf 79' lang='lat'><strong>471·</strong></span> <span class='ocrx_word' id='word_1_197' title='bbox 778 4472 912 4557; x_wconf 59' lang='lat' dir='ltr'><strong>sna·</strong></span> <span class='ocrx_word' id='word_1_198' title='bbox 954 4472 958 4481; x_wconf 62' lang='lat'>‘</span> <span class='ocrx_word' id='word_1_199' title='bbox 1355 4540 1358 4546; x_wconf 84' lang='lat'><em>.</em></span> 
     </span>
     <span class='ocr_line' id='line_1_26' title="bbox 475 4591 1447 4708; baseline -0.001 -30"><span class='ocrx_word' id='word_1_200' title='bbox 475 4594 670 4708; x_wconf 85' lang='lat' dir='ltr'><strong>Halcyon</strong></span> <span class='ocrx_word' id='word_1_201' title='bbox 699 4624 730 4677; x_wconf 92' lang='lat' dir='ltr'><strong>s.</strong></span> <span class='ocrx_word' id='word_1_202' title='bbox 761 4591 921 4707; x_wconf 83' lang='lat' dir='ltr'><strong>Ispida,</strong></span> <span class='ocrx_word' id='word_1_203' title='bbox 958 4593 1113 4677; x_wconf 76' lang='lat' dir='ltr'><strong>Frisch.</strong></span> <span class='ocrx_word' id='word_1_204' title='bbox 1142 4626 1207 4679; x_wconf 86' lang='lat' dir='ltr'><strong>ov.</strong></span> <span class='ocrx_word' id='word_1_205' title='bbox 1237 4594 1323 4679; x_wconf 82' lang='lat' dir='ltr'><strong>tab.</strong></span> <span class='ocrx_word' id='word_1_206' title='bbox 1354 4607 1447 4681; x_wconf 70' lang='lat' dir='ltr'><strong>aas.</strong></span> 
     </span>
     <span class='ocr_line' id='line_1_27' title="bbox 474 4741 1696 4879; baseline -0.004 -46"><span class='ocrx_word' id='word_1_207' title='bbox 474 4745 652 4879; x_wconf 65' lang='lat' dir='ltr'><strong>borello</strong></span> <span class='ocrx_word' id='word_1_208' title='bbox 680 4748 808 4836; x_wconf 78' lang='lat' dir='ltr'><strong>Senta</strong></span> <span class='ocrx_word' id='word_1_209' title='bbox 834 4741 991 4874; x_wconf 88' lang='lat' dir='ltr'><strong>Maria,</strong></span> <span class='ocrx_word' id='word_1_210' title='bbox 1021 4748 1129 4833; x_wconf 71' lang='lat' dir='ltr'><strong>Cetei</strong></span> <span class='ocrx_word' id='word_1_211' title='bbox 1156 4752 1310 4837; x_wconf 79' lang='lat' dir='ltr'><strong>accello</strong></span> <span class='ocrx_word' id='word_1_212' title='bbox 1339 4747 1530 4834; x_wconf 76' lang='lat' dir='ltr'><strong>disard.</strong></span> <span class='ocrx_word' id='word_1_213' title='bbox 1558 4774 1599 4859; x_wconf 80' lang='grc' dir='ltr'><strong>ρ.</strong></span> <span class='ocrx_word' id='word_1_214' title='bbox 1629 4777 1696 4850; x_wconf 84' lang='lat'><strong>99.</strong></span> 
     </span>
    </p>
   </div>
   <div class='ocr_carea' id='block_1_7' title="bbox 0 0 2213 5908">
    <p class='ocr_par' dir='ltr' id='par_1_7' title="bbox 0 0 2213 5908">
     <span class='ocr_line' id='line_1_28' title="bbox 0 0 2213 5908; baseline 0 0"><span class='ocrx_word' id='word_1_215' title='bbox 0 0 2213 5908; x_wconf 95' lang='lat' dir='ltr'><strong> </strong></span> 
     </span>
    </p>
   </div>
  </div>
 </body>
</html>
