4410 5910
882 381 1027 432 ΕΞ
1709 362 1800 477 463

328 580 493 674 Grisola
520 575 851 683 Camtschatica,
882 582 1037 664 Steller.
1066 578 1152 664 obs.
1181 607 1282 667 om..
1302 580 1392 664 Ms.
1442 595 1448 604 ·

330 737 572 851 Muscicapa
600 732 791 834 sibirica,
818 713 992 817 Gmeliu.⁴
1016 749 1122 844 syst.
1158 733 1251 816 Ltn.
1276 735 1349 817 ΙΙ.ν
1376 761 1473 847 pag.
1503 743 1597 840 936.
1637 763 1699 848 sp.
1735 747 1803 820 36.
1887 745 1890 753 ’

388 918 483 974 cum
510 919 661 1000 synon.
756 884 759 889 ι
959 899 962 906 ’
1244 891 1266 898 ”
1329 924 1335 930 ·

220 1038 555 1128 Camtschadalis
581 1040 896 1148 Mitschigr'tscb.
1044 1100 1047 1107 -

243 1199 327 1275 Per
350 1190 466 1305 paria
494 1175 746 1301 migrautem
772 1215 870 1271 vere
896 1184 944 1270 in
971 1182 1131 1302 campis
1157 1185 1369 1272 Dauuriae
1410 1188 1678 1302 ftequeutem
1706 1184 1801 1270 vidi

107 1345 244 1454 Maj03
274 1340 374 1426 dein
403 1362 558 1425 aestate
586 1337 746 1452 ubique
771 1337 817 1422 in
845 1336 979 1452 sylvis
989 1337 1240 1452 alpestribus
1253 1338 1367 1423 circa
1388 1340 1617 1423 Baicalem.
1675 1341 1798 1423 Stel·

103 1498 242 1579 teras
269 1492 315 1576 in
344 1491 588 1577 australibus
618 1485 937 1579 Camtscbatcae
947 1548 961 1587 ,
990 1487 1102 1573 circa
1123 1520 1238 1573 mare
1251 1488 1497 1574 'observavit
1521 1488 1664 1573 vernis
1688 1519 1821 1574 men-³

104 1641 240 1746 sibus,
270 1642 588 1728 verosimillime
616 1641 881 1754 migrantem.
939 1638 1136 1724 Vescitur
1162 1638 1648 1755 Coleopteris'minutis.
1725 1628 1732 1649 ⁸

241 1794 415 1877 Descr.
470 1793 719 1903 Magnitudo
745 1793 832 1873 fere
859 1788 1111 1891 Albinium
1140 1792 1216 1874 sed
1242 1812 1419 1876 rostrum
1436 1792 1581 1890 ¹multo
1613 1790 1796 1896 brevius,

103 1939 251 2046 latius,
280 1940 456 2025 maxilla
483 1940 684 2025 inferiore
708 1938 800 2023 basi
834 1942 1099 2026 flavescente.
1122 1942 1128 1951 ’
1170 1941 1232 2025 Os
1256 1940 1370 2025 intus
1397 1943 1569 2026 flavum.
1639 1941 1792 2026 Vibris

100 2078 174 2179 sae
199 2094 252 2177 ad
280 2121 328 2177 os
354 2073 551 2206 utriuque
578 2090 753 2175 bisetae.
788 2089 1047 2204 -Palpebrae
1088 2089 1270 2175 albidas.
1340 2095 1466 2177 Color
1505 2123 1628 2208 supra
1655 2090 1794 2176 interr·

101 2242 186 2327 sius
213 2241 417 2346 fuscidus,
462 2271 590 2372 quam
614 2241 660 2324 in
687 2238 916 2355 prioribus,
957 2241 1100 2326 subtus
1127 2241 1408 2344 cinerasceus,
1454 2265 1620 2356 praeter
1656 2272 1796 2327 aream

101 2395 246 2507 gulae,
290 2414 334 2476 et
373 2391 562 2477 medium
575 2389 827 2511 'abdominis
853 2390 961 2475 albo.
1031 2394 1309 2478 Subcoudoles
1336 2393 1494 2496 albae,
1520 2423 1618 2479 eum
1658 2393 1796 2478 lituris
1935 2501 1940 2512 .

98 2544 239 2628 fuscis.
295 2545 403 2628 Aloe
430 2547 592 2643 subtus,
621 2537 884 2654 remigesque
912 2541 1100 2654 margine
1115 2542 1328 2627 'interiore
1355 2543 1624 2630 lutescentes.
1682 2549 1789 2632 carr-

96 2694 155 2783 da
183 2694 442 2796 subfurcata,
471 2716 561 2779 tota
588 2696 717 2778 fusca.
771 2695 900 2777 Pedes
929 2690 1074 2806 parvi,
1113 2692 1381 2808 nigricantes.
1451 2697 1619 2782 Pondus
1642 2693 1790 2780 drach·

95 2875 258 2929 mamm
296 2857 340 2934 34
368 2847 420 2928 ad
448 2863 488 2948 4.
543 2846 777 2957 Longitudo
805 2848 864 2932 δ”.
894 2846 1054 2930 caudae
1085 2851 1140 2927 1“.
1176 2850 1285 2934 rol‘''·
1326 2846 1485 2931 alarum
1513 2862 1790 2962 expansarum

98 3002 160 3077 δ”.
196 2998 258 3075 rm.
287 2994 412 3078 ulnae
442 3003 501 3080 δ”.
537 2998 602 3082 r'‘'.
630 2995 753 3080 rostri
781 2997 834 3079 ad
860 2992 1042 3079 frontem
1069 2997 1157 3083 olm.
1187 2998 1239 3078 ad
1275 2995 1429 3080 rictum
1479 3005 1567 3096 δὲ”ζ
1609 2996 1792 3081 latitudo

95 3145 284 3254 ejusdem
312 3153 399 3234 ΒΨ.
455 3145 697 3260 Longitudo
722 3140 924 3227 tibiarum
952 3149 1041 3231 5¹⁰2
1067 3143 1261 3229 intestini
1289 3149 1351 3232 δ”.

331 3321 455 3422 104.
551 3278 1125 3394 uuscrcara
1158 3305 1161 3311 ·
1196 3307 1553 3425 arrtcapilta.
1638 3320 1641 3322 f
1762 3348 1765 3353 ,

234 3448 294 3526 Μ.
324 3473 446 3558 supra
473 3445 610 3561 nigra,
639 3449 806 3546 subtus,
834 3448 995 3545 fronte,
1031 3475 1127 3530 area
1153 3446 1336 3551 alarum,
1366 3447 1705 3560 rectricibusque
1730 3447 1788 3530 ls-

91 3590 294 3677 teralibus
324 3615 445 3677 extus
475 3595 595 3680 albis.
687 3647 691 3653 ·
758 3593 785 3637 '‘
1530 3615 1532 3618 ’

314 3744 500 3830 Curruca
526 3748 650 3831 dorso
674 3744 818 3861 nigro,
849 3747 1003 3832 Friscb.
1032 3780 1100 3834 oo.
1127 3756 1181 3834 cl.
1211 3781 1248 3833 α.
1273 3771 1371 3836 sect.
1387 3765 1426 3839 5.
1454 3752 1540 3838 tab.
1557 3771 1624 3857 24.
1644 3754 1731 3865 fig.
1753 3785 1790 3834 ιι

370 3901 519 4007 (Mas).

311 4043 496 4130 Carruca
535 4048 681 4146 susm,
724 4049 819 4133 alba
858 4050 1024 4134 macula
1061 4049 1108 4134 in
1150 4050 1253 4155 alis,
1294 4051 1450 4138 Fraus.
1492 4083 1560 4138 ov.
1602 4053 1689 4138 tob.
1719 4084 1784 4136 aa.

359 4200 445 4310 fig.
476 4213 515 4283 3.
545 4204 670 4312 (quae
699 4220 762 4282 est
788 4200 984 4286 Ficedula
1019 4203 1126 4284 Lin.
1153 4203 1261 4286 forte
1289 4168 1665 4315 liujus‘foemina).

311 4345 534 4433 Coldfinch
576 4349 795 4433 Germanis
833 4351 905 4433 vel
946 4350 1151 4436 Ficedula
1189 4352 1316 4436 tertia
1356 4353 1637 4456 Aldrovonrli,
1686 4352 1782 4438 Wit

363 4499 503 4610 lugbb.
534 4531 619 4584 om.
649 4533 690 4616 p.
728 4493 815 4610 ηοξ
842 4503 1058 4590 Edwards.
1087 4535 1154 4589 ov.
1182 4506 1217 4587 l.
1247 4504 1333 4588 tob.
1362 4518 1430 4590 30.

310 4649 531 4733 Motacilla
557 4653 716 4750 fronte,
756 4672 927 4764 torque,
967 4676 1140 4767 pectore
1180 4674 1225 4737 et
1253 4653 1411 4737 alarum
1451 4655 1614 4740 macula
1657 4650 1778 4756 albis,

364 4797 543 4908 vertice,
572 4822 692 4917 tergo
712 4803 756 4886 et
778 4804 910 4889 cauda
930 4801 1082 4918 nigris,
1113 4807 1293 4893 Cramer.
1314 4824 1442 4890 oustr.
1473 4837 1514 4920 p.
1530 4820 1625 4920 377⁴.
1654 4838 1693 4889 n.
1716 4816 1780 4889 ιδ.
