4410 5910
1018 351 1166 402 m
1851 349 1937 433 533

251 551 428 668 scripsi,
470 553 545 636 sub
573 542 833 665 tuguriorum
862 552 1016 649 tectis,
1056 549 1164 664 aptis
1192 542 1354 664 angulis
1394 547 1573 636 adstruit
1611 544 1730 637 nidos
1769 571 1943 664 quartae

250 703 361 820 parti
388 701 591 819 sphaerae
619 704 807 802 similes,
834 703 905 786 vel
934 701 1064 784 etiam
1094 698 1480 817 haemisphaericos
1510 707 1562 786 ad
1588 704 1730 816 tigna,
1784 727 1808 783 e
1838 701 1943 797 luto,

250 854 438 969 gramine
468 855 604 941 mixto
644 885 847 970 perquam
888 853 1071 953 solidos,
1113 874 1235 935 extus
1275 855 1590 955 tuberculosus,
1632 852 1746 936 intus
1787 850 1943 964 equino

249 1005 341 1122 pilo
371 1027 570 1121 aequatos
598 1028 640 1089 et
669 1005 790 1090 molli
818 1004 915 1087 lana
942 1003 1012 1086 vel
1041 1000 1197 1116 plumis
1224 1025 1399 1103 stratos,
1428 1005 1539 1090 ostio
1566 1005 1774 1118 spatiosa,
1805 1022 1944 1087 rotun-

250 1158 307 1241 do
335 1186 476 1240 versus
504 1157 763 1271 superiorem
790 1176 954 1268 partem
992 1150 1184 1256 hiantes,
1232 1177 1279 1237 ut
1319 1157 1406 1238 fere
1449 1155 1590 1269 specie
1631 1157 1684 1238 ab
1727 1153 1946 1268 europaeis

251 1303 503 1410 distinctae,
548 1335 603 1390 ex
633 1305 913 1391 architectura
942 1300 1170 1415 singulari,
1212 1302 1327 1387 visae
1369 1304 1467 1387 sint.
1538 1305 1697 1418 Hisque
1742 1304 1789 1389 in
1832 1302 1946 1387 nidis

249 1487 338 1540 mas
366 1488 462 1541 cum
492 1456 605 1542 socia
635 1478 881 1572 pernoctat,
910 1454 1040 1567 inque
1069 1453 1172 1539 nido
1200 1454 1407 1539 cantillat.
1465 1462 1580 1538 Inter
1610 1456 1837 1541 volandum
1862 1488 1946 1540 vox

250 1608 451 1711 stridula,
480 1609 567 1691 fere
595 1607 843 1691 Hirundinis
871 1604 1066 1719 ripariae.
1122 1606 1371 1688 Adventans
1398 1604 1444 1689 in
1468 1604 1700 1689 Dauuriam
1720 1608 1796 1691 sub
1819 1607 1946 1690 finem

249 1754 440 1873 Aprilis,
469 1756 707 1871 frigidaque
737 1756 958 1869 ingruente
986 1776 1237 1869 tempestate
1265 1753 1312 1838 in
1340 1753 1452 1839 nidis
1483 1755 1751 1841 delitescunt.

386 1910 562 1993 Descr.
620 1911 886 2016 (Douricae):
923 1907 1171 2018 Magnitudo
1200 1913 1253 1989 H.
1283 1905 1463 1990 rusticae
1492 1935 1740 2020 europaeae.
1814 1908 1946 1992 Nares

252 2057 442 2162 hiantes,
481 2060 698 2172 squamula
727 2036 889 2172 supera.
960 2056 1021 2149 Os
1047 2056 1160 2140 intus
1189 2052 1405 2156 albidum3
1449 2063 1594 2170 lingua
1620 2057 1765 2143 bifida.
1834 2060 1947 2141 Area

250 2212 417 2323 trigona
446 2205 711 2295 holosericae
739 2230 836 2292 ante
865 2207 1029 2311 oculos,
1071 2229 1311 2320 tractusque
1355 2209 1432 2290 sub
1473 2209 1636 2306 oculis,
1677 2208 1768 2294 sine
1809 2207 1946 2292 nitore
2017 2278 2029 2297 ,

251 2382 354 2445 atra.
423 2362 560 2476 Caput
604 2392 752 2476 supra,
796 2366 957 2453 cerula,
1007 2359 1250 2474 dorsumque
1276 2354 1388 2441 inter
1417 2358 1503 2443 alas
1531 2380 1669 2443 totum
1710 2356 1946 2472 atrochaly·

250 2514 401 2615 beata,
430 2508 689 2597 nitidissime
717 2507 991 2594 coemlantia.
1047 2509 1199 2594 Subtus
1227 2505 1316 2592 avis
1343 2531 1433 2593 tota
1461 2507 1578 2593 nivei
1606 2508 1827 2610 candoris3
1856 2511 1947 2594 sub·

251 2663 474 2763 candales,
504 2661 694 2776 itemque
723 2664 891 2745 dorsum
919 2658 1154 2772 posticum,
1182 2669 1461 2773 uropygium,
1498 2670 1760 2779 tectriccsque
1789 2663 1947 2746 caudae

248 2812 376 2897 nivea
405 2809 633 2896 rhachibus
660 2812 897 2926 plumarum
928 2808 1173 2893 tenuissime
1201 2808 1353 2907 fuscis,
1388 2810 1436 2895 in
1464 2809 1716 2925 quibusdam
1748 2811 1822 2896 vix
1850 2841 1949 2897 con·

251 2960 410 3078 spicue.
482 2965 591 3048 Alae
618 2991 748 3075 usque
777 2962 830 3044 ad
859 2957 978 3044 basin
1007 2956 1097 3041 sine
1125 2956 1265 3042 nitore
1293 2957 1470 3072 nigrae,
1512 2965 1654 3047 subtus
1682 2963 1851 3063 firscae,
1894 2963 1949 3046 ad

253 3111 440 3196 anticum
469 3112 702 3226 marginem
730 3110 829 3196 albo
844 3161 857 3174 -
872 3106 1138 3221 variegatae3
1183 3109 1442 3224 compositae
1471 3113 1648 3196 caudam
1676 3112 1848 3197 tantillo
1876 3141 1948 3195 ex·

251 3264 422 3347 cedunt.
491 3266 682 3376 Remiges
716 3259 941 3376 primariae
971 3294 1010 3364 9.
1041 3258 1229 3344 extimae
1260 3295 1299 3345 a.
1335 3259 1631 3375 longissimae,
1677 3264 1946 3363 subfalcatae,

249 3447 361 3521 7·9.
391 3413 511 3527 apice
540 3411 644 3498 hinc
672 3412 964 3512 subsinuatae3
993 3412 1258 3498 secundariae
1286 3448 1325 3521 9.
1354 3441 1512 3513 omnes,
1542 3436 1708 3527 praeter
1734 3411 1944 3514 intimam,

251 3564 458 3676 profunde
487 3563 796 3676 emarginatae,
827 3599 852 3671 7
881 3582 925 3646 et
953 3576 992 3648 8.
1022 3563 1234 3677 argutius,
1277 3563 1466 3679 reliquae
1508 3566 1728 3652 cordatim.
1799 3565 1949 3651 Gauda

249 3711 419 3814 brevis,
448 3715 641 3817 bifurca,
671 3736 762 3799 tota
789 3712 923 3828 nigra.
980 3715 1108 3802 Pedes
1134 3715 1328 3819 nervosi,
1367 3715 1450 3801 toti
1478 3716 1679 3831 plumulis
1707 3716 1846 3803 niveis
1875 3717 1947 3800 ob·

249 3863 421 3964 vestiti3
465 3866 622 3976 digitus
652 3865 837 3950 exterior
863 3887 957 3952 toto
986 3866 1166 3952 articulo
1194 3870 1396 3967 adnatus3
1437 3898 1594 3980 ungues
1621 3867 1754 3974 fusci,
1799 3865 1949 3951 acutis·

248 4015 362 4101 simi.
421 4022 514 4099 Mas
541 4039 584 4099 et
612 4017 798 4102 foemina
826 4015 1098 4117 simillimae,
1147 4017 1231 4103 nisi
1266 4019 1381 4133 quod
1409 4017 1456 4102 in
1485 4019 1735 4132 quibusdam
1764 4016 1946 4105 rhaches

249 4166 297 4253 in
324 4164 456 4252 crisso
484 4187 529 4250 et
556 4168 764 4283 uropygio
791 4167 865 4253 vix
892 4167 1113 4253 evidenter
1139 4170 1307 4272 fuscae,
1359 4192 1406 4254 ut
1446 4201 1570 4287 saepe
1608 4191 1773 4256 tantum
1816 4168 1862 4256 in
1889 4190 1950 4255 te·

249 4315 450 4403 stricibus
491 4318 648 4400 caudae
691 4341 931 4433 appareant.
1002 4321 1169 4404 Pondus
1208 4317 1255 4402 in
1297 4351 1412 4405 mare
1453 4344 1609 4408 aestate
1650 4351 1782 4437 usque
1820 4323 1873 4406 ad
1903 4334 1943 4408 6.

251 4465 498 4565 drachmas,
528 4467 572 4551 in
604 4470 788 4553 foemina
816 4470 944 4585 paulo
971 4468 1123 4554 minus.
1182 4471 1274 4556 Illis
1301 4504 1489 4558 mensura
1504 4476 1557 4558 ad
1571 4503 1747 4588 uropyg.
1771 4478 1828 4559 2⁰.
1852 4479 1948 4557 rr‘''.

248 4617 476 4705 sectricum
505 4618 758 4703 extimarum
801 4624 855 4706 1⁶.
891 4633 984 4706 rom.
1025 4621 1260 4707 mediarum
1309 4625 1364 4708 ι”.
1407 4627 1502 4712 5“‘.
1549 4627 1708 4710 alarum
1746 4653 1949 4740 expansa·

256 4799 351 4858 rum
386 4783 474 4861 10²2
505 4780 578 4880 ιβ’.
622 4772 745 4858 ulnae
775 4774 835 4860 δ”.
871 4777 964 4860 ro''‘.
1005 4772 1130 4862 rostri
1170 4776 1224 4860 sd
1264 4777 1447 4861 frontem
1476 4779 1563 4867 alm.
1603 4782 1657 4863 ad
1695 4775 1849 4863 rictum
1877 4783 1949 4866 8⁰.
