4410 5910
1009 441 1162 503 a
1837 418 1925 529 '235

248 647 332 736 tias
358 668 405 733 et
430 636 725 760 quotidinum
750 638 838 727 fere
865 637 1010 729 cibum
1033 642 1223 760 praebet.
1254 698 1257 703 -
1277 642 1394 727 Haec
1413 635 1738 757 precedentibus
1766 614 1939 762 semper·-¹

250 798 469 916 grandior,
515 795 562 881 in
600 818 779 910 utroque
821 798 923 879 sexu
941 794 1125 912 saepius
1161 796 1352 905 ςοιιιιιιιι,
1390 790 1604 905 interdum
1643 794 1938 900 multicomiss

248 980 434 1065 coccyge
460 947 582 1033 brevi
607 947 909 1049 loco-caudae,
937 948 1011 1043 sed
1039 978 1172 1035 massa
1199 945 1373 1065 adiposi
1398 944 1606 1045 maxima,
1633 928 1776 1033 subtus
1804 951 1949 1051 nuda,-

250 1100 429 1217 didyms
451 1099 621 1215 stipato
628 1134 640 1201 ς
682 1106 766 1213 pilo
808 1096 976 1215 magis,
1003 1128 1129 1213 quam
1163 1097 1259 1185 lana
1287 1093 1458 1197 vestita;
1497 1118 1628 1187 rostm
1657 1097 1779 1207 valde
1807 1098 1933 1207 simo,

248 1218 626 1373 saepe'.maouloso
641 1310 675 1353 ,.
703 1247 901 1365 pendulis
941 1250 1120 1351 nuribus,
1191 1250 1355 1335 Cornua
1390 1246 1592 1337 arietibus
1629 1279 1754 1365 saepe
1790 1273 1931 1357 terna,

249 1423 488 1519 quatem„
515 1400 666 1525 quina,
705 1399 836 1505 rarius
862 1427 958 1517 sex,
1001 1423 1163 1517 septem
1183 1401 1261 1515 ,rel
1287 1422 1407 1519 ¹octo,
1447 1400 1612 1504 lunata,
1653 1401 1767 1485 circa
1806 1424 1935 1519 caput

250 1550 541 1673 divergentiu.
573 1554 754 1677 :Statura
782 1554 892 1667 apud
919 1553 1168 1655 Calmuccos
1187 1553 1415 1666 majuscula
1421 1613 1444 1651 „
1463 1557 1595 1665 major
1617 1556 1736 1670 apud¹
1751 1552 1954 1668 llirgiso·

247 1726 427 1805 tataros,
458 1672 590 1820 ¹apud
628 1704 851 1818 Mongolos
890 1704 1123 1810 maxima,
1147 1705 1296 1791 Asello
1331 1732 1416 1789 non
1456 1702 1643 1789 inferior.
1717 1707 1936 1820 Salsugiue

248 1854 501 1999 praesertim
528 1878 571 1940 et
598 1854 765 1957 salinis,
801 1856 1034 1973 amarisque
1056 1850 1234 2003 pascuis
1261 1855 1546 1957 delementum
1582 1855 1804 1943 amitibus
1837 1855 1932 1949 her·

249 1980 319 2095 bis
346 2029 394 2093 et
419 1986 673 2095 succulentis
699 2006 862 2125 pascuis
891 2008 979 2093 cito
1016 1998 1299 2113 miserescunt,
1340 2031 1383 2093 et
1393 2000 1627 2141 prioribus
1663 2009 1939 2143 varietatibus¹

255 2159 502 2249 commissae
530 2162 757 2275 degeneres
787 2162 1043 2275 producunt,
1082 2158 1289 2276 uropygio
1316 2142 1506 2276 adiposo
1517 2182 1705 2245 carentes
1733 2154 1780 2247 et
1804 2150 1862 2247 ini
1865 2192 1939 2249 no·

260 2342 331 2401 ret.
389 2318 509 2397 Hanc
536 2311 783 2399 varietatem
811 2310 1006 2425 Argalidi
1025 2310 1281 2429 praesertim
1307 2335 1447 2400 ortum
1472 2313 1718 2413 debere,
1678 2344 1753 2398 ιιιι
1773 2314 1939 2403 dubito.

392 2483 433 2569 4.
461 2464 990 2587 Bruchyurae,.,boroulog‚
1016 2463 1074 2565 in.
1091 2462 1238 2567 nnsis
1259 2464 1481 2585 guulgareg,
1516 2463 1765 2579 plerumque
1793 2495 1940 2552 excor-

253 2644 353 2716 nes,
387 2616 668 2716 minusculae,
703 2625 802 2705 lano
830 2617 925 2735 rudi
932 2677 955 2735 ,U
975 2619 1121 2702 ,cauda
1150 2647 1174 2701 a
1202 2613 1425 2731 nativitate
1459 2588 1745 2720 breviuscula,
1787 2645 1941 2734 pauco-

251 2799 349 2857 mm
384 2768 678 2895 articulorum,
704 2768 796 2855 aine
823 2767 965 2885 adipe.
1021 2774 1062 2855 A
1089 2768 1258 2865 climate
1286 2787 1331 2853 et
1356 2765 1581 2893 pascuis
1548 2766 1685 2893 minus
1713 2768 1841 2885 gratis
1868 2771 1941 2867 de·

254 2918 455 3041 minuta,
469 2917 518 3005 ni
544 2906 706 3021 fallor,
701 2912 897 3027 misella
910 2916 1103 3005 varietas.
1206 3026 1209 3033 Ι
1367 3014 1402 3041 ..

393 3070 441 3159 N
443 3082 548 3160 ota.
569 3069 750 3191 Nuper
776 3050 906 3161 etiam
932 3062 1152 3186 hispanica
1178 3024 1452 3189 progenies,
1449 3095 1494 3157 et
1461 3020 1754 3187 hungarica
1778 3105 1833 3162 ex
1855 3072 1941 3164 his·

256 3222 415 3344 panica
440 3212 629 3325 orts,et
579 3212 920 3341 etstrepsiceros
960 3220 1139 3309 varietas
1173 3222 1381 3341 Thraciae
1416 3247 1461 3309 et
1494 3213 1735 3310 Pannoniae
1771 3226 1944 3369 inquiliss

255 3408 334 3478 na,
364 3378 475 3495 apud
500 3408 578 3465 nos
605 3356 905 3523 introdpctae.
941 3378 1056 3460 Inter
1083 3376 1434 3478 coerrdescentes,
1464 3386 1739 3477 ιαιιειαιίιγ.
1768 3406 1942 3463 nascun-

255 3550 328 3616 tur
353 3559 481 3647 ssepe
506 3528 606 3647 agni
633 3520 766 3645 nigri,
777 3498 872 3613 vel
908 3524 1048 3645 capite
1074 3526 1195 3640 nigro
1222 3524 1453 3641 variegata,
1490 3525 1546 3610 Hi
1581 3524 1719 3612 solent
1754 3531 1946 3637 mactari,

259 3709 316 3767 ne
352 3710 525 3821 gregem
557 3676 863 3801 contaminent.
930 3680 1223 3765 Excluduntur
1269 3676 1403 3765 etiam
1427 3677 1541 3811 agni
1587 3678 1662 3793 qui
1703 3681 1811 3770 facie
1847 3686 1945 3777 alba

259 3856 508 3932 nascuntur,
535 3856 683 3951 utpote
711 3826 874 3961 debiles
902 3853 947 3915 et
972 3831 1266 3966 propagandae
1290 3860 1418 3945 purae
1438 3827 1565 3947 stirpi
1588 3831 1775 3920 inutiles.
1829 3840 1945 3953 Agru

259 3978 548 4103 pulcherrime
577 3974 888 4103 coerulescente
917 3982 1035 4083 cani,
1070 3983 1213 4079 subtus
1247 3982 1494 4099 plerumque
1519 3984 1638 4071 fusco
1666 4009 1763 4070 sunt
1786 3990 1945 4083 colora.

263 4134 476 4224 Velleris
463 4167 509 4221 ιιι
545 4136 741 4225 omnibus
774 4126 875 4223 lana¹
899 4124 1146 4221 duriuscule
1179 4126 1454 4231 elastica,1n
1488 4136 1700 4250 elegantes
1735 4102 1947 4228 circinrios

263 4287 468 4403 crispata,
495 4290 614 4374 velut
639 4286 878 4375 calamistro
905 4283 1153 4401 composita.
1217 4285 1353 4379 Pelles
1381 4286 1626 4398 praesertim
1654 4285 1699 4371 in
1727 4262 1948 4383 Poloniani

265 4436 534 4527 devehuntur
560 4462 605 4524 et
632 4469 758 4555 saepe
792 4438 942 4561 quinis
967 4437 1232 4527 Rublonibus
1270 4438 1457 4551 singulae
1491 4461 1713 4524 vaeneunt.
1779 4418 1951 4532 Dicitur

267 4586 375 4677 haec
403 4586 581 4675 varietas
609 4590 654 4675 in
683 4562 815 4675 natali
841 4588 932 4677 solo
960 4620 984 4673 ι
1010 4589 1158 4707 pabuli
1192 4612 1338 4674 natura
1373 4588 1619 4706 praesertim
1652 4612 1758 4677 οιιι.
1821 4594 1951 4682 Certe

268 4741 314 4831 iu
342 4741 439 4829 aliis
466 4736 720 4833 Chersonesi
748 4740 854 4861 locis
881 4744 1153 4859 degenerat„
1179 4744 1381 4859 Abundat
1416 4763 1557 4849 autem
1574 4718 1577 4723 .
1592 4743 1840 4861 praecipue,
1874 4748 1955 4837 ubi

270 4923 424 5012 passm
456 4901 572 5012 ejus,
595 4891 763 5014 species
786 4872 1048 4991 centaureae
1083 4892 1619 5013 (Mynanthemamdixi)
1651 4896 1956 5005 remotissima,
