4410 5910
705 540 1097 873 avr
1177 652 1265 857 U
1345 653 1558 861 n&

677 976 1410 1123 ,3½0anor‘

556 1238 1644 1456 induraris

793 1846 827 1936 I.
892 1834 1401 1943 STRYGES.

387 2041 675 2127 Tenebrarum
703 2059 890 2129 amantes
931 2039 1123 2145 Stryges,
1172 2061 1344 2149 propter
1384 2039 1565 2127 latebras
1605 2039 1653 2125 in
1694 2040 1938 2146 alpestribm

251 2185 551 2300 sylvaticisque
580 2184 758 2271 desertis
796 2179 931 2294 magis
970 2181 1202 2268 inaccessas
1242 2205 1287 2267 et
1327 2184 1600 2298 noctivagum
1642 2181 1758 2269 ritae
1803 2211 1939 2298 genus,

250 2336 469 2451 pauciores
497 2365 574 2448 per
602 2335 798 2419 Russiam
822 2356 950 2447 atque
977 2331 1178 2418 Sibiriam
1203 2336 1442 2446 Rapacibus
1470 2336 1626 2425 diurnis
1652 2333 1874 2435 ridentum
1899 2355 1937 2419 et

252 2507 394 2568 tamen
423 2483 579 2597 ubique
607 2482 991 2599 rere-copiosiores
1019 2512 1130 2582 esse,
1172 2515 1298 2597 quam
1324 2484 1370 2569 in
1413 2484 1648 2600 Europaeis.
1684 2485 1935 2598 regionibus,

253 2638 400 2720 suadet
439 2634 675 2750 specierum
717 2636 828 2750 apud
858 2644 946 2718 nos'
986 2634 1238 2736 multitudo,
1280 2635 1500 2752 copiosum
1526 2666 1553 2720 o
1580 2633 1739 2719 murini
1782 2634 1937 2751 generis

255 2764 520 2870 animalculis
560 2785 781 2899 pabulum,
825 2805 870 2867 et
907 2786 1020 2898 quod
1048 2785 1094 2869 in
1123 2786 1438 2899 campestribus-⁴
1452 2785 1714 2898 regionibus,
1754 2787 1833 2871 ubi
1873 2816 1934 2871 an

255 2935 367 3050 gusti
393 2935 651 3049 sylvularurn
678 2956 833 3019 tractus
851 2922 1062 3020 fluentum
1103 2936 1214 3049 ripas
1251 2935 1632 3021 concomitantiam
1660 2938 1843 3023 latebras
1869 2933 1938 3020 mi·

254 3117 331 3171 nus
358 3076 552 3170 extensis
580 3086 764 3171 offerunt
791 3078 1023 3198 etreliqua
1050 3085 1166 3200 regio
1214 3087 1347 3201 magis
1387 3102 1561 3202 pater,
1569 3088 1745 3174 insolita
1788 3088 1937 3204 ubique

252 3236 570 3324 individuorum
598 3236 722 3369 copia
750 3248 1744 3322 occurrunt·

364 3469 479 3547 Inter
505 3466 695 3576 Rapaces
720 3457 807 3546 hoo
843 3488 972 3575 genus
1011 3458 1112 3544 ideo
1152 3459 1318 3546 facilius
1359 3460 1592 3574 digeritur·,·
1623 3465 1739 3576 quod
1779 3458 1933 3579 species

254 3620 343 3720 ejus
370 3634 630 3714 constantes,
659 3610 932 3696 varietatibus
961 3610 1035 3695 vix
1063 3633 1391 3714 contemeratae,
1420 3642 1559 3726 nequa
1580 3616 1812 3703 secundum
1834 3637 1933 3700 aeta·
1988 3704 1995 3719 ,

258 3787 367 3864 tem,
411 3784 458 3844 ut
484 3762 713 3858 Falcones,¹
746 3763 991 3864 mutabiles,
1036 3761 1338 3877 descriptiones
1366 3766 1526 3846 firmas·
1520 3786 1575 3847 et
1599 3765 1800 3850 omnibus
1832 3764 1937 3851 indi·

258 3912 397 3998 viduis
424 3932 723 4047 consentaneas
751 3910 1015 4035 permittunt.
1078 3911 1323 3997 Similitudo
1351 3935 1492 3996 tamen
1522 3915 1712 3998 colorum
1739 3937 1787 4000 et
1812 3915 1940 4037 picto

256 4096 327 4152 rae
355 4065 402 4151 in
428 4052 647 4181 speciebus
674 4059 839 4169 multis,
876 4058 1161 4155 difficiliorem
1202 4062 1308 4146 olim
1351 4064 1464 4148 solis
1485 4061 1626 4151 verbis
1663 4064 1942 4152 adumb'ratio·

258 4247 357 4302 nem
385 4217 609 4321 reddebat,
650 4217 763 4311 uude
803 4235 1021 4307 auctorum
1063 4213 1345 4326 antiquiorum
1376 4244 1614 4329 synonyma
1638 4217 1943 4307 confundentes

257 4367 412 4486 passim
439 4369 691 4451 fluctuarunt
723 4362 990 4449 recentiores.
1063 4372 1111 4448 In
1139 4363 1449 4448 ¹recentissimis
1490 4395 1595 4449 vcro
1636 4362 1946 4487 lchrognphis

257 4526 342 4635 jam
363 4547 455 4603 non
482 4515 668 4633 unph‘us
690 4517 930 4615 laceramus
952 4536 1000 4598 et
1019 4513 1061 4597 si
1089 4535 1257 4628 praeter
1271 4506 1479 4619 factm,
1520 4536 1727 4603 emrtuos
1770 4518 1946 4625 aurium,

258 4670 464 4786 remigum
487 4691 733 4753 serratarum
755 4695 972 4764 numerus,
1000 4665 1142 4780 alique
1164 4692 1330 4779 semper
1349 4667 1573 4752 observata·
1587 4665 1792 4775 minent,
1821 4670 1950 4763 erin

260 4822 351 4919 aine
375 4818 594 4941 iconiensis
620 4817 784 4946 species,
799 4912 805 4939 ἲ
818 4837 1072 4943 constarent
1110 4819 1260 4947 ¹Quae
1301 4844 1380 4953 ego
1402 4816 1473 4951 ¹ad
1493 4814 1669 4953 'species
1710 4849 1949 4963 synonyma
