4410 5910
249 400 345 490 444
889 496 894 502 ,
1022 400 1169 452 ·-“““““-

386 601 432 688 N
437 624 536 689 oto.
592 600 723 689 Irides
748 602 795 689 in
822 600 950 721 pullis
987 603 1333 689 coerulescentes.
1405 610 1521 689 Anus
1546 598 1650 688 huic
1683 599 1754 686 avi
1782 601 1872 685 fere
1900 600 1945 685 in

253 756 397 842 medio
437 754 696 843 abdominis:
738 788 790 841 an
830 754 931 842 ideo
970 778 1015 842 et
1055 777 1226 871 propter
1267 756 1431 840 molem·
1468 753 1695 841 ventriculi
1724 752 1948 839 incubatui

253 908 424 1026 inepta?
466 914 722 996 Ventriculus
748 910 996 1025 plerumque
1024 909 1334 1023 coleoptrorum
1363 908 1556 1024 reliquiis
1598 911 1771 1012 farctus,
1817 907 1945 992 maxi·

253 1090 359 1147 mus.
427 1065 669 1148 Intestinum
716 1064 798 1149 16⁰.
841 1065 912 1149 6¹⁰.
982 1062 1147 1171 Pondus
1186 1060 1274 1147 avis
1308 1062 1402 1178 plus
1431 1061 1568 1148 minus
1595 1059 1817 1147 unciarum
1845 1092 1942 1177 qua·

251 1234 348 1301 tuor
375 1245 474 1301 cum
502 1212 682 1301 dimidia
709 1245 799 1301 esse
827 1216 948 1302 solet.

971 1410 1236 1428 m

778 1500 956 1610 XVII.
1042 1499 1431 1607 TURDl.

393 1695 443 1773 In
471 1708 677 1773 certarum
704 1704 912 1800 proventu
937 1684 1160 1772 baccarum
1187 1689 1425 1803 quaerenda
1452 1685 1622 1773 videtur
1649 1685 1778 1794 ratio,
1820 1718 1950 1805 quare

253 1841 491 1958 complures
518 1841 756 1923 Turdorum
785 1837 947 1952 species
976 1838 1058 1925 sibi
1099 1837 1289 1954 proprias
1332 1839 1523 1924 vindicat
1565 1838 1721 1925 Sibiria
1761 1842 1950 1926 maxime

254 1992 473 2080 orientalis
501 2014 549 2099 et,
574 1992 773 2106 alpestres
808 1998 896 2103 ejus
935 1991 1146 2106 regiones;
1189 1994 1543 2107 quemadmodum
1586 2014 1631 2076 et
1673 1991 1868 2109 aliquae,
1907 1996 1955 2081 in

254 2147 422 2262 Europa
451 2147 663 2259 vulgares,
691 2141 885 2229 ulteriori
913 2140 1094 2228 Sibiriae
1123 2145 1302 2246 desunt,
1344 2167 1517 2262 propter
1552 2142 1677 2230 Visci
1719 2148 1952 2234 defectum.

253 2302 345 2382 Hae
373 2295 622 2415 praesertim
651 2326 771 2398 aves,
802 2325 910 2410 quae
937 2294 1121 2412 integras
1149 2299 1298 2382 baccas
1326 2296 1529 2412 gluttiunt
1555 2327 1693 2412 neque
1713 2300 1954 2413 ventriculo

253 2450 472 2552 triturant,
503 2450 743 2564 plantarum
770 2445 979 2532 variarum
1006 2471 1100 2531 sunt
1128 2448 1504 2548 disseminatrices,
1545 2473 1592 2534 ut
1619 2449 1806 2552 viscum,
1843 2455 1953 2540 Juni-

255 2628 398 2717 peros,
428 2623 665 2713 crataegos,
697 2619 804 2682 caet.
862 2596 932 2684 Sic
960 2621 1005 2684 et
1032 2598 1268 2685 Numenius
1295 2608 1567 2717 Empetrum,
1596 2605 1728 2687 Grues
1757 2606 1951 2721 Oxycoc·

255 2784 355 2838 cum
383 2776 427 2838 et
453 2756 653 2837 Arbutos.
708 2750 854 2835 Plures
883 2750 1044 2855 adhuc,
1075 2730 1201 2866 quam
1228 2751 1302 2839 hic
1330 2752 1500 2869 scripsi,
1527 2756 1767 2841 Turdorum
1789 2757 1951 2874 species

257 2907 369 3022 apud
397 2935 474 2990 nos
502 2902 595 2990 dari
622 2903 722 2990 ideo
749 2934 835 2989 non
862 2903 1032 3006 dubito,
1075 2908 1188 3019 quod
1232 2904 1331 2989 huic
1368 2903 1514 3018 generi
1543 2903 1590 2990 in
1619 2907 1885 2995 densissimis
1911 2932 1951 2995 et

255 3056 549 3143 remotissimis
577 3058 790 3172 sylvarum
819 3079 944 3170 atque
972 3087 1191 3142 nemorum
1221 3056 1498 3161 delitescere,
1540 3088 1679 3173 neque
1708 3084 1952 3147 venatorem

255 3207 382 3295 facile
412 3207 637 3294 admittere
666 3211 855 3295 solemne
886 3186 968 3294 esti
1035 3215 1127 3293 Imo
1154 3241 1256 3325 quas
1284 3209 1479 3295 describo
1506 3239 1664 3309 novae,
1705 3210 1754 3296 in
1796 3213 1953 3329 laryce·

254 3362 310 3447 tis
340 3361 493 3478 alpinis
522 3361 734 3445 Dauuriae
763 3364 1030 3462 observatae,
1059 3361 1167 3446 forte
1195 3390 1409 3477 nunquam
1435 3359 1785 3477 inconspectum
1815 3394 1953 3451 meum

173 3566 183 3587 ·
256 3514 490 3619 venissent,
521 3513 557 3598 si
585 3513 744 3598 nonin
772 3510 924 3597 mediis
952 3510 1103 3626 sylvis,
1133 3534 1326 3628 tempore
1355 3511 1617 3629 migrationis
1647 3512 1814 3622 avium,
1858 3518 1952 3605 nire

259 3669 431 3751 obmtus
459 3664 712 3768 haesissem,
742 3663 816 3748 ubi
842 3663 959 3767 illas,
1003 3671 1090 3778 jam
1115 3691 1169 3748 ex
1199 3687 1336 3749 austro
1365 3666 1566 3769 advenas,
1611 3667 1883 3784 adsparsum
1907 3668 1949 3755 in

256 3816 357 3900 nive
385 3845 482 3900 cum
510 3815 693 3929 granulis
719 3816 959 3930 pulverem,
998 3818 1128 3901 fames
1168 3846 1266 3900 cum
1306 3815 1401 3901 aliis
1441 3817 1717 3932 sylvestribus
1762 3818 1948 3921 aviculis,

258 3966 361 4053 alias
389 3997 483 4054 raro
511 3965 824 4084 conspiciendis
851 3966 1146 4083 compulisset,
1189 3990 1233 4052 et
1274 3968 1337 4054 sic
1372 3968 1601 4054 occidendi
1627 3968 1727 4055 illas
1769 3972 1949 4061 occasio·

258 4152 358 4208 nem
383 4119 658 4237 praebuisset.
727 4120 859 4205 Nulla
899 4140 1041 4205 autem
1083 4121 1323 4205 Turdorum
1365 4121 1699 4211 americsnorum
1741 4114 1950 4245 ipsciest

259 4275 552 4361 Catesbaeo
579 4270 791 4358 delineata
820 4302 917 4357 cum
944 4269 1097 4356 nostris
1126 4269 1340 4357 convenit.

671 4416 755 4505 85.
845 4410 892 4500 T
918 4412 960 4500 U
988 4413 1029 4501 R
1055 4411 1100 4498 D
1129 4412 1170 4525 U
1196 4411 1228 4501 S
1299 4412 1544 4507 Oriolus.

394 4563 447 4643 T.
476 4557 630 4659 flavus,
660 4579 794 4642 rostro
822 4552 1076 4656 rubicund0,
1107 4555 1276 4640 artubus
1302 4555 1450 4672 nigris.

478 4706 671 4805 Oriolus,
706 4706 829 4791 Picus
856 4707 1006 4793 nidum
1046 4710 1301 4823 suspendens
1344 4732 1389 4795 et
1429 4711 1613 4799 Gulbula
1654 4715 1943 4839 antiquiorum,

541 4859 763 4975 Wrtzaghb.
794 4863 939 4946 ornith.
968 4894 1010 4981 p.
1046 4861 1250 4976 147.tab.
1281 4875 1348 4952 36.
1384 4865 1509 4952 bona.
