4410 5910
255 409 345 469 210
1026 401 1172 451 Ξ

249 605 298 691 in
324 604 493 692 deliciis
521 600 700 706 habent,
742 600 976 714 itidemque
1017 628 1116 685 cum
1143 595 1300 714 chymo
1342 597 1567 685 ventricuh
1606 582 1791 685 mistum
1833 600 1939 687 inte·

250 756 370 843 stinis
398 754 626 841 inferciunt
671 777 715 838 et
755 753 1022 866 congelatum
1063 775 1272 836 asservant
1311 750 1358 835 in
1399 754 1556 837 futuras
1597 755 1739 869 dapes.
1812 752 1938 837 Illum

251 908 383 995 etiam
410 906 615 1023 chymum
643 903 781 1015 adlmc
810 903 998 989 calidum
1023 900 1281 987 cochleatim
1309 905 1559 1003 comedunt,
1600 926 1807 1018 tanquam
1832 902 1939 987 sani·

250 1061 331 1149 tati
357 1063 589 1176 proficuum
616 1058 849 1141 laudantes.
904 1057 1098 1138 Eundem
1125 1085 1222 1140 curn
1257 1087 1394 1140 rasura
1428 1086 1648 1165 cornuum·
1665 1054 1765 1139 loco
1801 1052 1942 1139 calido

251 1212 469 1327 digerunt,
499 1212 611 1295 unde
646 1212 692 1293 fit
719 1208 865 1322 gluten
892 1205 1225 1312 tenacissimum,
1264 1237 1341 1323 pro
1370 1212 1544 1293 arcubus
1572 1227 1616 1291 et
1643 1202 1942 1321 subpedelibus

253 1368 438 1475 (Lishy).
495 1346 824 1476 Hepa'rautem,
855 1388 997 1473 renes,
1041 1363 1260 1446 cerebrum
1288 1390 1336 1444 ac
1365 1356 1787 1457 medullasmaxima
1815 1356 1942 1455 orudn

254 1536 300 1599 et
327 1512 544 1626 congelata
571 1511 617 1594 in
648 1508 816 1594 deliciis
844 1507 1023 1615 habent,
1053 1532 1097 1593 et
1125 1511 1336 1596 medullae
1363 1510 1538 1626 quidem
1565 1532 1662 1595 sunt
1687 1528 1856 1595 tantum
1882 1504 1942 1591 di·

253 1664 411 1771 tiorum
439 1692 548 1748 esca.
569 1713 624 1728 -
652 1668 687 1744 E
715 1659 899 1776 pellibus
934 1661 1217 1766 tenuioribus,
1261 1664 1331 1746 vel
1359 1663 1501 1748 statim
1529 1696 1555 1747 a
1578 1683 1703 1779 pastu
1728 1660 1944 1745 defuncto·

254 1848 348 1901 rum
373 1812 668 1918 hinnulorum,
699 1813 769 1897 vel
797 1842 821 1896 e
850 1812 993 1897 matris
1022 1834 1141 1899 utero
1170 1837 1456 1914 exsectorum,
1493 1811 1746 1901 vestimenta
1772 1840 1848 1897 suu
1874 1840 1943 1926 pa·

254 1990 370 2089 rant3
411 1997 435 2052 e
464 1965 762 2081 grossioribus,
802 1963 1073 2082 pilosioribus
1110 1966 1291 2079 stragula
1326 1989 1369 2051 et
1395 1966 1658 2080 tuguriorum
1684 1960 1878 2077 tegmina
1903 1962 1945 2045 t·

253 2141 349 2221 unt3
392 2121 538 2204 abraso
579 2119 670 2237 pilo
710 2142 879 2236 paratae
918 2115 1085 2233 aestiva,
1103 2119 1308 2231 praebent
1336 2116 1612 2216 vestimenta,
1649 2117 1740 2200 lota
1767 2110 1947 2231 pedibus

255 2274 445 2365 detracta
471 2269 517 2354 in
544 2269 756 2385 hybernas
782 2298 925 2355 ocreas
967 2291 1240 2370 consuuntur;
1282 2258 1328 2355 θ’
1349 2269 1545 2355 comibus
1585 2267 1867 2353 instrumenta
1906 2284 1949 2349 et

257 2454 373 2509 arma
400 2424 525 2521 fiunt3
565 2445 609 2506 et
654 2421 717 2509 sic
760 2420 877 2509 omni
905 2451 977 2503 sua
1003 2442 1121 2534 parte
1149 2417 1217 2506 his
1247 2422 1441 2535 gentibus
1469 2420 1596 2507 utiles
1623 2439 1721 2504 sunt
1746 2412 1946 2521 Tarandi,

257 2594 301 2667 et
327 2601 475 2657 eorum
502 2572 698 2689 gregibus
726 2570 954 2673 subarctiei
981 2571 1114 2656 nostri
1155 2578 1370 2659 Nomades
1410 2572 1516 2663 solis
1552 2572 1723 2674 vivunt,
1762 2564 1948 2685 lucagiri

257 2721 389 2809 etiam
416 2723 508 2807 sola
534 2726 718 2810 ferorum
743 2723 986 2809 venatione.
1042 2725 1201 2838 Voguli
1228 2724 1448 2840 Rangiferi
1471 2722 1719 2839 sanguinem
1740 2754 1843 2809 cum
1864 2750 1949 2807 cor·

257 2900 316 2963 nu
342 2875 530 2989 ejusdem
559 2899 727 2991 rasputo
756 2876 827 2961 vel
854 2905 949 2961 cum
989 2876 1124 2961 [anna
1150 2875 1197 2967 in
1225 2878 1394 2964 fornace
1434 2898 1708 2993 pernoctem
1736 2874 1947 2989 digerunt.

259 3029 372 3113 unde
402 3029 448 3110 fit
476 3026 621 3139 gluten
647 3027 962 3114 tenacissimum
986 3030 1039 3111 ad
1063 3060 1181 3113 arcus
1208 3053 1253 3115 et
1279 3030 1413 3144 pelles
1432 3032 1508 3113 sub
1522 3026 1647 3113 scatia
1667 3024 1950 3141 glutinandu-

255 3179 327 3263 Ad
355 3174 500 3261 trahas
527 3211 552 3262 a
580 3180 839 3295 Samojedis,
877 3179 1060 3266 Ostiacis
1102 3202 1146 3264 et
1181 3180 1377 3267 Coraecis
1405 3178 1654 3298 praesertim
1694 3174 1949 3263 adhibentur

255 3328 462 3431 Tarandi3
502 3331 695 3445 Tungusi
734 3330 814 3418 soli
858 3330 913 3418 iis
954 3333 1085 3419 etiam
1119 3331 1377 3448 inequitant,
1420 3336 1607 3421 sednon
1636 3330 1786 3417 medio
1812 3332 1949 3427 dono,

255 3505 429 3605 propter
454 3480 599 3596 spinae
629 3482 918 3587 debilitatem,
956 3515 1103 3570 verum
1130 3518 1252 3601 supra
1279 3486 1468 3601 scapulas
1493 3481 1699 3599 imposito
1726 3478 1947 3599 ephippio·

255 3639 419 3719 Notum
446 3658 531 3740 est,
559 3635 640 3722 soli
667 3637 863 3721 Tarando
891 3666 1049 3722 cornua
1073 3667 1163 3722 esse
1190 3636 1236 3722 in
1261 3661 1439 3751 utroque
1460 3667 1583 3737 sexu3
1610 3633 1719 3720 haec
1747 3632 1944 3733 manhu,

257 3784 401 3889 statim
427 3810 524 3899 post
549 3810 806 3873 transactum
833 3808 1040 3892 oestrum,
1068 3786 1224 3903 hyeme
1253 3790 1466 3890 deflutmt3·
1490 3785 1690 3874 foeminis
1708 3784 1855 3902 quiuis
1874 3780 1944 3869 cir·

257 3932 366 4021 citer
394 3933 543 4021 diebus
570 3962 794 4054 postquam
821 3963 1089 4054 peperenrnt.
1153 3941 1404 4056 Magnitudo
1439 3970 1646 4028 cornuum
1680 3960 1727 4025 et
1754 3958 1943 4023 nument*

255 4115 468 4171 ramorum
495 4088 672 4203 variant,
685 4092 915 4178 secundum
955 4113 1138 4177 aetatem
1179 4115 1224 4177 et
1264 4093 1453 4207 vigorem
1495 4091 1709 4193 animalis3
1752 4080 1940 4177 foeminis

254 4262 398 4324 tamen
445 4270 613 4358 semper
659 4242 856 4329 minores.
946 4242 1173 4329 Anniculis
1224 4268 1472 4331 excresctmt
1520 4266 1687 4330 tantum
1724 4240 1936 4327 biretum·

254 4388 398 4517 Etiam
424 4392 617 4479 castratis
649 4424 805 4487 cornua
851 4394 1074 4510 quotannis
1116 4395 1376 4501 reficiuntur,
1418 4428 1471 4482 ea
1508 4419 1653 4483 tamen
1693 4387 1932 4483 differenti&

254 4542 373 4657 quod
399 4542 648 4659 pelliculam
675 4545 857 4662 pilosam
885 4578 1100 4664 nunquam
1134 4572 1312 4654 exuant,
1359 4580 1466 4665 quae
1508 4546 1685 4665 reliquis
1724 4562 1934 4663 postqum

253 4720 410 4777 cornua
437 4694 586 4781 durata
611 4719 730 4802 sunt,
759 4699 1014 4815 deglubitur.
1039 4760 1045 4769 -
1072 4708 1186 4809 Dum
1209 4724 1357 4804 ,autem
1385 4699 1523 4787 adhuc
1553 4698 1829 4815 cartilaginea
1853 4702 1947 4783 tunt

255 4869 433 4955 cornua,
461 4848 516 4933 ad
541 4846 686 4965 ignem
713 4871 824 4939 tosta
850 4884 875 4938 a
901 4852 1166 4945 Nomadibus
1193 4853 1430 4945 taleolatim
1455 4855 1750 4944 comeduntur.
1777 4898 1833 4921 -
1862 4845 1967 4929 Tt-
