4410 5910
256 431 345 528 482
1019 415 1168 490 Ξ

255 642 436 747 cellunt,
467 640 664 730 Cunucis
691 640 822 724 eriam
850 639 1118 754 praefered0,
1158 632 1382 720 Lusciniae
1410 633 1498 720 fere
1528 635 1715 738 aemulo,
1746 638 1828 724 nisi
1856 643 1945 726 bre·

255 792 388 879 viare.
445 793 556 878 Hinc
586 791 800 906 Petropoli
827 814 869 874 et
901 795 1098 875 Moscnae
1127 819 1151 872 a
1178 787 1421 903 proceribus
1458 785 1504 871 in
1534 787 1675 872 caveis
1703 790 1858 876 nutriri
1885 823 1946 876 so

255 946 397 1029 let.—
428 943 660 1058 Irrequieta
690 965 902 1027 caeterum
932 940 1040 1044 avis,
1084 939 1287 1025 continuo
1312 937 1425 1023 inter
1449 942 1612 1023 arbusta
1642 940 1870 1024 desultans.
1902 994 1949 1007 -

255 1095 488 1209 Conjungit
515 1094 622 1179 haec
651 1094 896 1180 Oenantbes
939 1125 1034 1176 cum
1075 1090 1346 1194 Phrlomelis,
1387 1089 1475 1174 imo
1511 1091 1618 1175 forte
1646 1092 1789 1207 potius
1818 1114 1952 1208 poste·

254 1244 436 1330 rioribus
465 1243 789 1330 adnumeranda.

392 1401 564 1483 Descr.
629 1399 876 1508 Magnitudo
902 1393 1180 1492 Phoenicuri,
1222 1395 1296 1478 sed
1337 1397 1561 1480 admodum
1608 1392 1778 1507 gracilis
1824 1419 1868 1481 et
1906 1391 1949 1480 in

252 1551 387 1665 pedes
415 1576 603 1663 procera.
673 1552 722 1630 In
751 1547 1068 1662 perfectissimis
1113 1545 1382 1660 maximeque
1411 1546 1651 1660 vulgaribus
1685 1557 1899 1635 masculis:
1926 1580 1949 1632 a

252 1698 350 1811 gula
378 1699 465 1781 fere
497 1700 550 1780 ad
577 1698 766 1810 jugulum
794 1721 972 1812 occupat
1009 1729 1105 1784 area
1147 1695 1489 1810 longitudinalis,
1531 1698 1831 1784 saturatissime
1860 1729 1949 1784 coe·

250 1850 390 1944 rulea,
418 1849 663 1964 splendens,
710 1849 1130 1962 nigro-marginata,
1171 1851 1246 1932 sub
1274 1849 1416 1933 medio
1447 1851 1559 1935 collo
1586 1850 1811 1934 includens
1840 1879 1948 1934 areo

251 1998 337 2085 lam
366 2002 460 2084 rufo
475 2051 490 2064 -
505 1993 810 2112 ferrugineam,
850 1999 1140 2084 orbiculatam.
1217 1998 1329 2084 Hinc
1363 2007 1554 2118 jugulum
1593 2000 1864 2084 transversim
1891 2030 1948 2083 ru·

250 2153 339 2235 fum
370 2152 555 2267 excipit3
586 2149 749 2264 reliqua
777 2153 920 2235 subtus
947 2151 1119 2234 sordide
1147 2152 1255 2235 alba.
1312 2154 1446 2267 Supra
1475 2152 1594 2236 color
1620 2150 1846 2236 Lusciniae
1875 2153 1949 2234 fur·

252 2332 350 2401 vus3
385 2312 550 2386 verticis
574 2302 790 2416 plumulae
820 2299 963 2386 medio
991 2304 1290 2402 luscescentem
1331 2301 1447 2386 linea
1475 2302 1760 2415 superciliaris
1789 2301 1949 2395 albida:

252 2457 407 2537 Larum
433 2455 738 2537 coerulescens.
800 2457 909 2537 Aloe
938 2454 1062 2536 dorso
1092 2454 1350 2538 concolores.
1405 2456 1610 2539 Rectrices
1639 2454 1857 2566 aequales,
1883 2484 1948 2535 ex-

252 2602 358 2686 tima
388 2602 463 2686 vix
491 2603 707 2702 breviore;
734 2600 1015 2691 intermediae
1046 2637 1068 2686 a
1100 2605 1264 2706 fuscae,
1309 2602 1500 2716 reliquae
1525 2600 1693 2686 intense
1722 2604 1948 2687 fulvo-fus·

254 2781 353 2856 cae,
380 2752 652 2838 extremitate
679 2753 839 2867 nigrae.
900 2755 1101 2839 Tectnces
1128 2757 1285 2841 caudae
1312 2754 1505 2838 laterales
1522 2751 1819 2865 Ferrugineae.
1875 2758 1948 2838 tu

253 2923 384 2988 strum
410 2909 626 3020 pedesque
651 2903 791 3018 nigra3
818 2906 943 2989 tibiae
969 2934 1190 3019 procerae,
1230 2915 1327 2990 c'ute
1356 2901 1553 2988 indivisa.
1608 2904 1747 2988 Nares
1764 2904 1948 3019 perviae.

253 3055 421 3140 Pondus
459 3057 658 3171 proxime
695 3058 965 3142 semunciale.
1034 3059 1271 3168 Longituda
1299 3053 1389 3140 avis
1416 3055 1476 3141 δ”.
1505 3067 1576 3160 9'‘'·
1604 3056 1765 3138 caudae
1794 3061 1856 3140 α’.
1885 3067 1948 3138 a'‘'.

252 3206 432 3290 Alarum
459 3209 584 3292 ulnae
616 3215 674 3294 a“.
704 3216 774 3295 8⁰2
805 3206 1009 3323 expansio
1039 3217 1099 3292 δ”.
1130 3217 1201 3293 3”’.
1242 3205 1365 3292 rostri
1394 3209 1465 3292 a“‘.
1505 3203 1707 3290 tibiarum
1742 3210 1798 3290 r''.
1829 3206 1949 3320 digiti

254 3355 387 3446 antici
414 3359 550 3443 medii
578 3363 649 3466 9'''.
678 3358 834 3476 postici
862 3362 979 3466 (cum
1007 3387 1144 3471 ungue
1173 3366 1265 3470 3“'.)
1295 3362 1367 3443 6'''.

391 3510 584 3596 Feminae
610 3509 735 3619 hujus
761 3509 922 3603 similes
950 3509 1158 3611 maribus,
1202 3507 1285 3592 nisi
1314 3508 1429 3620 quod
1456 3507 1614 3591 collum
1642 3508 1790 3593 subtus
1816 3532 1947 3595 totum

252 3657 485 3772 pallidum,
528 3661 739 3746 inclusum
767 3660 927 3744 circulo
955 3660 1071 3743 ovali
1100 3689 1124 3743 e
1152 3657 1320 3774 punctis
1348 3654 1549 3741 confertis
1584 3655 1737 3759 fuscis,
1779 3659 1949 3746 inferius

254 3809 409 3894 seusun
437 3810 603 3897 latiore.
661 3813 840 3925 Qualem
867 3841 946 3931 pro
974 3809 1173 3894 distincta
1202 3809 1344 3924 specie
1372 3806 1608 3894 delineavit
1635 3811 1674 3891 F
1678 3816 1832 3896 risch.

403 3965 448 4055 β.
479 3966 730 4048 Varietatem
768 3963 1023 4061 femineam,
1068 3961 1394 4046 Eduardsianae
1433 3958 1550 4044 iconi
1589 3981 1633 4043 et
1674 3959 1947 4078 descriptioni

253 4112 423 4197 Faunae
447 4125 634 4199 mameae
660 4115 1007 4229 respondentem,
1036 4111 1098 4196 sic
1127 4111 1352 4226 descripsi:
1403 4113 1444 4195 V
1440 4131 1554 4199 ertea
1580 4114 1743 4218 fuscus,
1784 4112 1949 4200 cinereo

253 4263 593 4378 subsquamatus,
632 4263 857 4379 supercilia
885 4264 1061 4380 pallida.
1132 4267 1242 4348 Lara
1283 4285 1327 4347 et
1370 4292 1488 4347 aures
1519 4265 1774 4350 fuscescunt.
1845 4265 1947 4350 Hinc

253 4436 411 4499 tractus
436 4413 634 4530 utrinque
664 4416 850 4520 albidus,
891 4413 1208 4498 coerulescente
1247 4417 1364 4500 fusco
1391 4413 1648 4529 variegatus,
1688 4444 1773 4530 per
1796 4418 1946 4503 collum

252 4565 453 4680 utrinque
479 4567 722 4670 descendit,
751 4567 863 4652 intra
890 4594 996 4678 quos
1025 4565 1121 4678 gula
1148 4566 1329 4680 pallida,
1359 4564 1533 4650 inferius
1559 4567 1813 4654 fulvescens.
1869 4577 1946 4655 Hos

250 4740 407 4803 tractus
433 4715 536 4834 dein
563 4717 781 4803 connectit
808 4715 937 4804 fascia
964 4734 1197 4804 transversa
1233 4719 1449 4823 caerulea,
1493 4724 1610 4833 cujus
1636 4719 1857 4834 plumulae
1880 4750 1943 4809 ors

251 4869 489 4958 fulvescunt
516 4890 561 4955 et
587 4868 697 4956 infra
725 4899 852 4986 quam
879 4871 1068 4986 jugulum
1096 4869 1265 4958 intense
1295 4872 1473 4958 fulvum.
1530 4873 1613 4957 Sed
1634 4892 1785 4987 pectus
1812 4896 1857 4970 et
1880 4876 1940 4959 ab
