4410 5910
1010 326 1183 432 *a
1423 246 1441 268 l
1856 307 1946 402 389

358 525 509 613 Noto.
563 525 811 612 Admodum
838 522 990 612 similis
1028 533 1171 612 nostro
1211 522 1374 614 comta
1409 521 1701 638 senogalensis
1742 521 1945 607 D'auben·

251 697 336 767 ton.
366 684 471 762 icon.
501 686 580 767 col·
609 712 648 763 n.
681 695 775 790 327.
831 685 902 765 An
929 677 1069 795 ipsum
1096 701 1305 781 nostrum,
1352 674 1463 763 male
1491 672 1682 762 indicata
1707 671 1844 789 patria
1872 669 1946 756 ha·-

249 828 373 915 buit?
406 830 657 917 Conferatur
684 832 815 921 etiarn
842 832 1073 917 Monedula
1113 861 1240 945 quam
1279 829 1327 917 in
1366 823 1570 913 Helvetia
1608 824 1722 912 circa
1760 823 1947 937 Tugiurn

249 980 427 1096 reperiri
455 984 706 1072 Gesnerur
732 982 944 1101 prodidit,
988 985 1086 1070 albo
1127 981 1308 1082 circulo,
1350 982 1513 1068 collum
1549 977 1763 1063 ambiente
1801 975 1948 1061 distin·

249 1155 385 1234 ctam,
426 1163 535 1250 quae
562 1137 902 1223 Aldrooendo
940 1165 1108 1253 quoque
1138 1158 1182 1220 et
1210 1138 1528 1223 Chorletono
1558 1129 1675 1217 dicta
1703 1162 1727 1214 a
1754 1133 1949 1219 Brimo»

249 1295 335 1375 nio
362 1285 475 1375 inter
502 1285 727 1375 varietates
754 1290 1036 1394 Manedulae,
1080 1310 1303 1403 torquatae
1330 1284 1505 1374 nomine
1532 1306 1787 1380 recensetur.
1933 1318 1937 1331 ’

712 1454 801 1568 48.
893 1445 1002 1541 CO
1029 1451 1070 1540 R
1095 1451 1141 1537 V
1167 1446 1271 1538 U.S¹
1338 1452 1488 1538 Pico.

390 1593 442 1682 C.
470 1623 709 1680 macrounrs
738 1591 981 1692 aterrimus,
1017 1613 1191 1709 pectore
1219 1590 1490 1705 humerisque
1518 1591 1639 1677 albis.

471 1747 571 1832 Pica
600 1745 716 1832 varia
743 1776 776 1829 s.
806 1747 985 1830 caudata
1011 1749 1266 1846 Auctorum,
1296 1747 1451 1830 Frirclr.
1481 1777 1548 1830 αυ.
1578 1745 1665 1830 aab.
1694 1757 1763 1833 58.
1808 1741 1947 1831 Albin.

529 1934 597 1986 av.
624 1904 658 1982 I.
687 1934 728 2017 p.
765 1914 825 1989 ι5.
855 1900 942 1986 tab.
978 1913 1040 1988 15.
1095 1899 1278 1983 Brirron.
1308 1926 1394 1982 om.
1422 1899 1478 1981 ΙΙ.
1507 1930 1550 2012 ρ.
1581 1911 1647 1984 35.

475 2050 571 2139 The
601 2059 809 2168 Magpye,
839 2054 959 2140 Zool.
989 2050 1137 2137 burra
1174 2081 1217 2166 p.
1245 2083 1310 2160 77.
1342 2078 1407 2165 ep.
1435 2063 1475 2138 5.
1516 2054 1604 2139 cab.
1631 2056 1675 2139 D
1692 2088 1730 2140 a.
1759 2054 1950 2136 Latiam.

530 2237 625 2319 syra·
653 2209 687 2290 Ι.
715 2239 759 2314 p.
788 2219 884 2313 392.
913 2237 954 2290 n.
985 2237 1052 2313 29.
1470 2312 1474 2317 η

473 2359 636 2448 Corvus
665 2357 787 2462 Pica,
815 2362 908 2444 nra
934 2377 1043 2472 εχει.
1069 2358 1105 2443 Ι.
1136 2389 1177 2471 ρ.
1214 2344 1303 2466 ¹57·
1330 2391 1394 2476 sp.
1430 2375 1491 2449 13.

474 2515 535 2597 La
561 2509 658 2610 Pie,
685 2513 851 2622 Buffon.
879 2542 967 2603 orn.
994 2514 1072 2596 m.
1113 2543 1156 2626 p.
1186 2523 1255 2619 84.
1282 2512 1370 2599 tab.
1403 2549 1442 2627 7.
1485 2515 1705 2603 D’anbent.
1735 2522 1843 2603 icon.
1871 2515 1951 2598 col.

527 2667 612 2751 rab.
641 2677 737 2771 rna.
1413 2700 1420 2713 -
1697 2650 1700 2655 ’

365 2814 539 2907 Rossice
568 2820 737 2905 Serota.
805 2814 960 2904 Arabis
988 2814 1134 2914 Alralrr
1172 2815 1310 2904 Persis
1337 2819 1470 2905 Acka.
1539 2819 1704 2907 Tatarie
1746 2822 1956 2920 Sosiclem

419 2968 663 3056 monticolis
693 2969 875 3057 Sibiriae
903 2972 1062 3056 Sakslm
1090 2993 1134 3055 et
1169 2972 1389 3089 Sejachdn.
1444 2969 1770 3058 Tschuwaschis
1801 2974 1953 3056 Tschd·

414 3129 517 3238 gali.
586 3120 761 3209 Livonis
801 3125 1001 3220 Haerterr
1041 3120 1299 3210 Esthonibus
1338 3124 1553 3212 Harralras
1565 3185 1580 3224 ,
1620 3125 1691 3208 vel
1731 3126 1953 3224 Κειεαὲαες

419 3275 669 3363 lettonibus
712 3277 949 3390 Schagata3
991 3272 1238 3360 Morduania
1279 3276 1461 3391 Sesgarn
1503 3272 1682 3393 Vogulir
1722 3278 1881 3361 senech
1910 3294 1955 3360 et

418 3431 685 3524 Schalrolich3
726 3427 912 3515 Ostiacis
959 3429 1014 3514 ad
1043 3428 1113 3515 Ob
1140 3428 1182 3512 fl.
1209 3429 1374 3514 Sauone
1414 3428 1486 3515 vel
1512 3432 1640 3517 Sanni
1652 3465 1669 3527 ,⁰
1707 3431 1762 3516 ed
1803 3429 1956 3546 Surgut

421 3584 558 3705 Sijurr
614 3584 668 3666 ad
707 3587 873 3696 Narym
915 3586 1065 3668 Korra.
1150 3580 1366 3694 Mongolia
1405 3584 1658 3687 Srutriclrei3
1714 3581 1954 3675 Calmuccis

423 3737 669 3847 Schaasgoi.
738 3733 941 3850 Tangutis
978 3736 1161 3821 Rdecha.
1231 3734 1431 3823 Coraecia
1475 3739 1762 3851 Utkyttynyn.
1834 3735 1955 3825 Cam·

418 3885 651 3973 tschadalis
684 3888 895 3972 Udkutsch
922 3887 993 3972 vel
1025 3889 1384 4003 Udlragtsclritrch.
1447 3887 1605 3978 Curilie
1628 3890 1789 3975 Kalend.

391 4046 443 4127 In
470 4045 639 4154 Europa
680 4036 838 4126 nullibi
877 4041 1123 4126 observatur
1148 4063 1266 4126 tanta
1293 4040 1489 4127 Picatum
1530 4039 1790 4155 frequentia,
1831 4067 1881 4127 ac
1907 4036 1955 4125 in

252 4189 406 4283 Roscia
433 4190 684 4309 praesertim
709 4214 944 4308 temperata
972 4215 1017 4278 et
1043 4192 1309 4298 australiore,
1340 4191 1665 4307 mitioribusque
1683 4188 1865 4281 Sibiriae
1892 4219 1954 4277 re·

251 4346 475 4464 gionibua3
518 4376 661 4430 versus
702 4343 912 4432 orientem
951 4369 1098 4433 tamen
1133 4346 1290 4434 sensim
1317 4343 1529 4461 parciores
1555 4365 1601 4428 et
1627 4373 1745 4430 rarae
1773 4373 1956 4460 praeaet-

252 4499 337 4589 tim
364 4498 411 4585 in
439 4496 640 4583 Dauuria.
697 4506 862 4615 Hyeme
890 4531 944 4585 ne
970 4500 1162 4597 borealea
1189 4501 1364 4617 quidem
1394 4494 1588 4612 regiones
1617 4498 1836 4600 deserunt,
1879 4498 1954 4581 red

252 4649 371 4739 circe
396 4681 525 4768 pagos
553 4673 599 4737 et
626 4651 786 4766 oppida
811 4654 1061 4755 convolant,
1091 4684 1306 4770 nunquam
1330 4673 1474 4736 tamen
1502 4649 1722 4735 turmatim
1750 4650 1955 4752 volenter,

255 4808 335 4890 ced
361 4814 500 4923 vagae
519 4827 565 4891 et
592 4800 910 4890 audacissimae.
972 4805 1231 4891 Discedente
1259 4807 1360 4893 nire
1386 4802 1434 4895 in
1466 4801 1606 4919 eylrae
1631 4823 1678 4909 et
1703 4821 1958 4918 rumpentes
