4410 5910
258 400 351 512 388
1029 431 1184 489 ει·

252 628 429 722 dibulae
456 631 689 735 confertae,
722 627 836 716 linea
863 628 1072 721 rbacbeos
1101 633 1328 723 albicante.
1385 637 1511 723 Setos
1532 651 1654 752 supra
1674 634 1761 720 oris
1785 637 1960 751 angulos

256 805 386 872 atrae.
446 784 681 872 Oculorum
721 785 851 870 Iridea
890 816 976 871 non
1004 790 1189 888 lacteae,
1228 787 1349 874 utin
1378 788 1630 889 Monedula,
1673 789 1749 874 sed
1777 789 1955 875 obscuro

259 938 517 1023 atellaneae.
575 940 617 1022 V
614 956 729 1025 erteae
755 960 865 1037 ater,
893 941 1136 1025 coerulante
1165 937 1465 1039 nitidissimus,
1504 969 1582 1055 per
1609 938 1819 1025 ambitum
1844 938 1956 1027 occi·

257 1087 382 1205 pitis,
413 1113 459 1174 ut
486 1112 532 1174 et
558 1112 750 1206 tempora
779 1113 824 1175 et
852 1121 991 1190 aures,
1032 1091 1144 1177 striis
1173 1092 1281 1177 albis
1309 1093 1522 1207 variegata
1550 1090 1790 1205 nigredine.
1850 1096 1962 1179 Loro·

258 1239 380 1355 nigra
407 1264 555 1359 opaca.
622 1246 731 1330 Gula
759 1245 845 1329 late
873 1266 920 1328 et
951 1246 1110 1331 collum
1150 1248 1293 1330 subtus
1335 1268 1473 1329 totum
1513 1244 1955 1349 atro-subcoerulans,

257 1393 406 1479 medio
434 1419 650 1511 angustata
677 1396 915 1511 nigredine.
972 1400 1123 1485 Cervius
1155 1399 1270 1501 alba,
1311 1397 1442 1482 rarius
1469 1394 1753 1499 cinerescens,
1796 1419 1844 1481 et
1868 1428 1958 1483 cor·

258 1575 337 1658 pua
365 1549 508 1631 subtus
535 1579 592 1634 ex
622 1550 1039 1636 albo-cinerescens.
1108 1558 1315 1649 Dorsum,
1357 1549 1472 1647 alae,
1511 1546 1784 1664 uropygium,
1827 1552 1957 1637 cauda

258 1718 305 1779 et
331 1700 606 1784 subcaudales
635 1722 742 1803 atra,
774 1701 1017 1786 coerulante
1045 1700 1198 1790 nitore.
1268 1705 1460 1814 Remiges
1494 1737 1554 1808 ¹9·
1585 1699 1747 1785 extima
1775 1699 1956 1786 dimidio

258 1848 456 1950 brevior,
512 1853 639 1939 tertia
666 1852 938 1968 longissima,
1004 1889 1048 1937 ιο
1066 1908 1084 1921 -
1106 1871 1167 1942 ι5.
1208 1877 1369 1939 retusae
1410 1886 1507 1949 cum
1548 1851 1705 1966 etriguo
1746 1851 1953 1938 acumine.

257 2003 415 2087 Subtus
441 2005 533 2090 alae
563 2012 690 2101 atrae.
761 2007 910 2092 Gauda
947 2006 1087 2092 obiter
1128 2009 1374 2104 rotundata,
1415 2005 1666 2121 latipennis,
1708 2002 1956 2090 rectricibus

258 2151 504 2241 lateralibus
532 2181 654 2243 extus
683 2157 978 2245 viridantibus.
1033 2161 1164 2246 Pedes
1192 2158 1287 2243 atri.
1345 2159 1510 2245 Pondus
1550 2159 1603 2242 ab
1646 2156 1784 2244 unciis
1825 2173 1870 2265 7⁵
1904 2158 1955 2243 ad

257 2324 361 2391 octo
400 2306 548 2414 variat,
611 2314 807 2398 Mensura
836 2312 891 2394 ad
918 2310 1174 2427 uropygium
1204 2322 1265 2397 δ”.
1293 2312 1367 2415 4’”.
1394 2314 1553 2396 caudae
1584 2311 1645 2399 δ”.
1686 2309 1849 2394 alarum
1889 2338 1956 2394 ex·

258 2488 483 2573 pausarum
514 2470 563 2547 2‘.
594 2465 653 2548 ᾤ’.
682 2468 755 2569 4”’.
783 2463 909 2548 ulnae
937 2467 998 2569 9⁰·
1030 2464 1100 2549 3“‘.
1130 2460 1255 2549 rostri
1282 2465 1337 2546 ad
1365 2465 1547 2548 frontem
1587 2463 1642 2549 ι”.
1679 2465 1763 2556 ιξ”’.
1793 2458 1954 2549 adoris

257 2610 437 2723 angulos
471 2617 527 2696 1'‘.
555 2614 628 2721 4''.
655 2617 791 2701 tibiae
826 2616 883 2702 1''.
912 2625 990 2713 δι”.
1020 2614 1147 2729 digiti
1176 2613 1310 2700 medii
1339 2623 1456 2729 (cum
1484 2642 1623 2728 ungue
1651 2616 1745 2724 4’”.)
1783 2623 1838 2696 1''.
1867 2614 1949 2717 tim.

258 2763 415 2849 extimi
445 2772 558 2873 (cum
588 2800 727 2884 ungue
758 2771 867 2875 δι”.)
903 2772 957 2852 1‘'.
995 2769 1060 2851 rm.
1088 2765 1304 2854 interioris
1346 2777 1468 2882 (curn
1494 2795 1633 2882 ungue
1660 2767 1766 2877 dm.)
1802 2768 1859 2853 ι”.
1888 2766 1952 2851 ι”’.

256 2915 413 3032 postici
443 2934 568 3028 (cum
595 2952 734 3038 ungue
764 2921 880 3036 5t''‘·)
918 2922 971 3005 1‘'.
998 2920 1062 3011 lm.

392 3166 436 3259 u.
467 3167 659 3250 Variatur
685 3159 934 3249 intermixta
974 3161 1143 3262 volans,
1186 3162 1316 3276 paulo
1356 3159 1517 3261 minor,
1555 3160 1745 3277 pondere
1788 3152 1950 3244 circiter

253 3344 331 3401 sex
359 3313 601 3414 unciarum,
642 3339 732 3402 tota
774 3337 887 3419 atra,
929 3313 1075 3398 rarior.
1149 3311 1335 3399 Verticis
1377 3334 1423 3399 et
1463 3310 1568 3401 colli
1603 3312 1719 3396 nitor
1745 3309 1954 3395 violaceus

257 3463 386 3573 huic,
415 3489 464 3553 ut
490 3467 538 3551 in
564 3466 822 3583 vulgatiore3
850 3463 1068 3563 cervicis,
1093 3464 1301 3580 pectoris,
1332 3461 1654 3580 abdominisque
1681 3462 1860 3578 nigredo
1886 3462 1953 3547 ob·

253 3619 446 3707 soletior.
518 3619 803 3706 Vibrissarum
828 3618 955 3705 striae
983 3640 1028 3702 et
1053 3616 1222 3733 plumae
1251 3617 1365 3704 circa
1391 3638 1585 3732 tempora
1612 3636 1658 3700 et
1684 3646 1807 3702 aures
1835 3613 1946 3733 apice

256 3793 503 3871 canescunt,
528 3794 576 3855 ut
602 3771 648 3856 in
676 3774 840 3858 eadem.
882 3771 1065 3887 Reliqua
1085 3792 1193 3855 atras
1222 3771 1334 3859 alae.
1362 3767 1614 3887 uropygium
1640 3790 1686 3852 et
1705 3770 1840 3853 cauda
1862 3792 1946 3853 cun

255 3918 515 4041 chalybeato
541 3921 694 4012 nitore.
751 3931 867 4012 Haec
895 3922 1042 4043 specie
1072 3953 1159 4009 non
1187 3921 1402 4009 distincta.

388 4135 626 4221 durioribus
663 4136 813 4222 cervix
852 4167 952 4223 cum
995 4137 1202 4251 producto
1230 4163 1373 4220 versus
1400 4130 1627 4249 prolobum
1653 4127 1819 4221 circulo
1844 4130 1941 4218 ciat·

257 4308 449 4372 mesnte
463 4336 479 4353 ·
492 4287 658 4388 albent3
699 4311 849 4402 pectus
888 4320 989 4376 cum
1031 4307 1179 4372 ventre
1208 4287 1385 4372 obscure
1413 4283 1575 4371 cinerei
1603 4284 1775 4373 colotis.
1844 4288 1942 4370 llaec

255 4438 428 4525 cinerea
453 4438 635 4526 tinctura
662 4440 871 4556 paulatim
895 4439 1138 4543 evanescit,
1181 4461 1229 4524 ut
1271 4439 1384 4525 Julio
1423 4459 1589 4524 tantum
1625 4467 1711 4525 non
1742 4439 1861 4524 albae
1884 4462 1939 4549 ap

257 4618 454 4715 pareant3
483 4617 685 4679 autumno
714 4623 814 4680 vero
841 4596 970 4711 plane
997 4594 1166 4697 albent,
1211 4615 1259 4678 ut
1284 4592 1486 4680 seniores.
1507 4639 1571 4659 -
1605 4591 1859 4677 Ventriculus
1881 4578 1936 4671 tri·

252 4748 492 4836 tutatorius.
561 4753 700 4835 Cocco
727 4749 811 4838 duo
847 4782 928 4841 ano
972 4747 1140 4856 meina,
1181 4746 1452 4863 longitudine
1485 4759 1540 4835 ,δι
1578 4742 1808 4845 linearum
1846 4738 1933 4827 ints

248 4898 355 4988 otini
382 4901 604 5017 longitudo
637 4906 682 4987 ι’.
711 4905 772 5010 9”.
