4410 5910
1027 318 1178 372 ==
1554 283 1561 303 ”
1758 327 1953 415 *aaa

484 514 609 607 Picus
635 511 786 601 viridia
805 511 1083 630 norvegicua,
1109 515 1300 623 Briareo,
1328 547 1416 605 orn.
1442 517 1516 609 W.
1556 553 1599 638 p.
1626 537 1696 613 ιθ.
1724 528 1779 611 ·n.'
1801 545 1845 635 4,
1871 529 1953 616 lan,

539 674 667 754 tham.
694 699 790 781 aya.
818 670 874 752 Π.
912 700 954 785 ρ.
978 665 1075 756 583.
1098 701 1144 778 n.
1170 683 1240 756 30.

478 820 602 906 ricus
629 849 777 920 canno,
804 821 977 906 Grauia
1004 841 1111 933 synt.
1138 821 1229 906 Lin.
1260 823 1294 906 Ι.
1324 855 1365 936 ρ.
1385 833 1481 929 434.
1509 853 1573 940 ap.
1602 840 1671 932 45.

373 960 549 1060 Rossice
589 975 744 1058 eodem
783 1003 880 1057 cum
918 975 1200 1088 praecedente
1239 973 1432 1074 nomine;
1470 973 1576 1061 item
1606 955 1760 1065 'Slreltii
1799 983 1957 1070 Danu·

263 1180 270 1199 .
425 1123 568 1234 (l'icua
596 1127 766 1237 flavus);
795 1121 1068 1209 Astraclranii
1094 1124 1262 1240 Oprelo.
1310 1125 1474 1211 Ta-taris
1487 1129 1739 1227 'Tumnrtlrlu
1768 1131 1950 1218 Sibiriae
2023 1129 2027 1140 ’

262 1339 266 1350 .
384 1350 386 1355 ,
427 1276 671 1390 Toblmrgcl3
698 1273 876 1391 Kirgia'ia
903 1277 1163 1388 Dahaecayl-
1182 1277 1430 1362 Tulurrtlrian.
1486 1280 1670 1391 Vogulis¹
1697 1284 1949 1370 Tabe-Kor-

242 1479 245 1490 ·
294 1463 297 1466 ’
424 1430 505 1512 koi.
561 1423 771 1543 Tunguais
786 1424 1079 1514 'Schondolulm
1136 1425 1471 1515 Camtachadalis
1498 1433 1781 1522 tomentacia
1941 1462 1953 1481 ⁴

397 1583 447 1663 Iu
476 1579 645 1681 Rossia,
684 1581 787 1666 inde
827 1612 851 1663 a
888 1579 1103 1696 Petropoli
1133 1582 1186 1664 ad
1213 1581 1419 1693 Volgam,
1444 1578 1590 1664 ‘etiam
1624 1586 1874 1672 australibus
1898 1587 1955 1672 iri

255 1726 386 1833 locis,
428 1752 473 1815 et
499 1761 773 1848 peromnem
802 1730 1001 1817 Sibiriam
1033 1729 1373 1846 frequentissima
1392 1729 1512 1829 aris,
1551 1735 1734 1848 quaein
1761 1738 1953 1823 malenai·

252 1889 354 1998 jugo
383 1881 529 1998 apibus
557 1882 872 2000 quammaxime
898 1883 1052 1968 infesta
1079 1906 1156 1969 est.
1219 1869 1432 1969 Distineta
1463 1884 1611 1999 utique
1640 1885 1822 2000 species,
1852 1919 1951 1988 noca

253 2035 320 2119 uti
346 2035 598 2123 Edwards
624 2034 811 2153 putavit,
842 2066 864 2118 a
892 2030 1122 2150 frigidiore
1140 2033 1312 2122 climate
1340 2039 1514 2123 rmrta‘ta.
1570 2037 1740 2122 Etenim
1766 2038 1813 2123 in
1835 2044 1945 2127 'Roa-

251 2187 315 2273 aia
343 2187 580 2303 prorniscue
604 2219 705 2275 cum
732 2182 779 2273 P.
807 2188 931 2273 uiridi
958 2195 1104 2306 moJ'on'
1130 2185 1238 2272 vivit
1265 2210 1310 2273 et
1337 2209 1537 2274 autumno
1564 2189 1611 2273 in
1639 2188 1836 2276 australia
1858 2189 1952 2276 m'rss

249 2369 301 2424 ca
328 2340 511 2454 Volgum
538 2338 749 2455 copiosius
776 2337 1040 2454 commigrat.
1112 2338 1334 2425 Suecicum
1367 2354 1512 2426 autem
1544 2347 1592 2427 P.
1618 2345 1792 2429 viridem
1821 2368 1984 2432 curua,
2082 2354 2083 2359 '

249 2519 360 2610 paeo
388 2490 654 2577 simillimum
679 2489 897 2577 describit.
953 2490 1101 2606 Sylvas
1129 2488 1326 2604 abiegnas
1354 2492 1514 2609 pariter
1547 2516 1592 2580 et
1617 2523 1838 2581 nemorosa
1864 2494 1947 2580 frea

250 2664 450 2759 queunt,
490 2642 621 2729 etiam
664 2640 788 2729 humi
820 2641 982 2728 victum
1011 2670 1215 2757 quaerens
1243 2663 1287 2727 et
1314 2643 1584 2733 formicarum
1625 2675 1797 2732 acervos
1830 2646 1947 2732 'infeu

250 2816 376 2884 stans.
442 2793 714 2881 Astrachauii
742 2778 923 2880 multum
948 2794 1078 2880 infert
1106 2793 1250 2879 damni
1277 2794 1414 2881 vineis
1422 2859 1442 2900 „
1475 2801 1644 2912 quando
1673 2827 1781 2886 uvae
1810 2820 1940 2886 matu·

250 2977 336 3036 rae.
392 2944 708 3065 Inquietissima
735 2944 843 3051 avia,
874 2975 1039 3060 semper
1066 2946 1238 3060 agitata.
1293 2950 1458 3062 Hyeme
1486 2980 1573 3035 non
1600 2947 1768 3063 migrat.
1937 2985 1940 2994 ·

386 3102 556 3186 Descr.
613 3097 716 3183 Pico
743 3097 903 3195 viride,
930 3094 1005 3211 qui
1033 3104 1083 3194 δὲ’
1104 3099 1156 3181 ad
1186 3131 1211 3206 7
1239 3096 1384 3182 uncias
1412 3101 1539 3216 vulgo
1565 3099 1746 3216 pendet,
1776 3124 1941 3212 semper

250 3252 409 3357 minor,
440 3278 567 3367 caepe
594 3246 940 3365 quatuor‘unciaa
961 3277 1047 3332 non
1069 3249 1265 3365 ex'plena3
1302 3248 1529 3353 maximus,
1559 3253 1687 3365 quom
1706 3247 1819 3351 ridi,
1850 3266 1938 3338 erat

247 3408 438 3525 pondere
463 3416 492 3508 4
520 3400 665 3487 uncias
692 3428 790 3486 cum
819 3433 841 3484 n
873 3397 1098 3486 drachmis.
1165 3404 1359 3487 Rostrum
1391 3402 1688 3504 tetraedmm,
1712 3397 1938 3514 nigricans,

250 3554 427 3643 maxilla
452 3553 674 3654 inferiore,
710 3549 796 3636 nisi
822 3550 1009 3666 margine
1037 3575 1082 3636 et
1109 3551 1253 3668 apice,
1293 3551 1468 3651 ‘citrina3
1488 3533 1492 3544 ¹
1509 3551 1621 3636 Stria
1646 3549 1886 3668 prominula
1914 3578 1938 3631 a

248 3711 420 3796 naribus
460 3708 612 3821 angulo
652 3703 812 3791 doreali
849 3704 1072 3821 parallela,
1109 3702 1364 3821 propiorque
1400 3709 1528 3818 quani
1553 3701 1601 3787 in
1626 3708 1674 3787 P.
1700 3700 1851 3804 viridi,
1894 3721 1937 3786 et

252 3859 392 3979 aulone
419 3887 495 3978 per
517 3857 723 3943 maxillae
764 3855 980 3942 inferioris
1017 3886 1156 3942 ramos
1191 3853 1529 3969 longitudinalir.
1594 3856 1777 3965 Lingua.
1803 3873 1935 3938 rostro

250 4002 506 4132 plua'triplo
534 4008 723 4125 longior,
760 4038 960 4095 mucrone
987 4038 1143 4096 corneo
1169 4004 1306 4124 'plano
1319 4056 1331 4072 ·
1346 4013 1559 4110 convexo,
1600 4001 1799 4118 utrinque
1827 4025 1934 4089 setu-

250 4165 306 4252 lia
320 4164 519 4250 hamato.
588 4165 628 4246 V
626 4162 794 4248 tunsae
829 4159 1014 4269 narium,
1054 4162 1318 4248 cumfronte
1345 4155 1482 4274 prima
1522 4153 1934 4269 lurco-nigrescunt

249 4326 403 4407 Lomm
431 4336 673 4431 angustum,
713 4347 736 4398 a
764 4312 933 4400 naribus
961 4318 1015 4401 ad
1041 4316 1185 4403 oculos
1219 4311 1387 4426 nigrum
1427 4330 1473 4393 et
1508 4313 1659 4395 lineola
1699 4307 1772 4391 vel
1811 4306 1935 4390 litura

250 4471 426 4560 linearia
451 4465 663 4587 parotica,
703 4461 749 4552 in
789 4463 987 4552 foeminis
1018 4462 1334 4586 angustissima,
1371 4491 1496 4578 saepe
1537 4461 1591 4545 ad
1631 4475 1810 4544 rostrum
1850 4484 1935 4545 non

248 4629 469 4744 perducta.
538 4621 622 4707 Sed
662 4620 807 4707 lunula
842 4651 966 4738 supra
991 4623 1137 4711 oculos
1166 4622 1277 4706 alba.
1339 4617 1468 4702 ladas
1493 4613 1736 4699 incarnatae
1762 4604 1937 4722 jmriori

252 4780 352 4878 bna,
394 4775 547 4864 adultis
587 4769 997 4862 corallion-rubrae.
1074 4770 1211 4888 capnt
1249 4769 1370 4894 supra
1410 4789 1569 4866 totum,
1609 4792 1706 4854 cum
1745 4757 1934 4858 ceriico,

1448 4932 1499 5011 52
