4410 5910
247 430 310 512 40
1020 428 1170 479 -·····-

251 626 526 745 piosissimus.
595 631 730 711 Datur
756 624 886 710 etiarn
913 626 967 710 ad
994 623 1201 711 orientem
1238 623 1364 711 maris
1392 624 1558 743 Caspii,
1586 631 1663 715 sed
1689 652 1810 717 extra
1835 636 1944 723 fines

251 779 426 895 Imperii
453 777 632 881 Rossici,
661 778 776 863 circa
803 776 956 863 Chiwa
982 800 1028 881 et
1055 779 1108 863 ad
1135 807 1305 863 omnem
1332 782 1411 893 Syr
1424 830 1438 843 ·
1452 781 1578 892 darja,
1606 804 1654 866 ut
1680 806 1726 867 et
1750 782 1865 869 circa
1878 814 1946 873 re·

250 930 388 1045 liquos
415 931 612 1015 Tatariae
640 958 816 1042 magnae
848 932 971 1013 urbes
1011 951 1057 1012 et
1095 928 1142 1013 in
1180 929 1300 1045 pagis
1338 961 1464 1047 saepe
1505 931 1756 1046 gallinarum
1781 958 1962 1049 strages.

251 1058 380 1169 noctri
406 1081 511 1181 edit,
539 1104 664 1196 atque
691 1078 988 1165 itinerantibus
1022 1109 1165 1165 ocreas
1203 1103 1247 1164 et
1279 1082 1420 1167 edulia
1454 1085 1597 1168 omnia
1629 1088 1705 1170 sub
1745 1116 1946 1173 somnum

252 1236 401 1319 aufert.
460 1238 604 1316 Noctu
629 1231 875 1346 praesertim
903 1254 1076 1343 vagatur
1101 1253 1147 1314 et
1172 1255 1349 1317 venatur
1376 1232 1644 1340 cohortatim,
1673 1266 1771 1321 cum
1786 1266 1947 1351 magno

251 1386 438 1497 ejulante
465 1384 649 1467 clamore
677 1384 860 1466 ulutatus
888 1381 1029 1466 sonori
1041 1412 1193 1465 canum
1207 1386 1385 1471 aemulo.
1432 1388 1634 1472 Ululante
1647 1418 1743 1491 uno,
1772 1417 1947 1503 respon·

252 1538 355 1619 dent
381 1532 559 1648 reliqui;
587 1532 662 1648 qui
689 1563 779 1617 mos
805 1532 902 1616 cani
929 1530 1164 1617 domestico
1193 1533 1360 1618 mansit.
1417 1536 1564 1621 iunior
1590 1538 1797 1622 cicuratur
1823 1538 1947 1623 facil·

251 1684 368 1787 lime,
397 1708 441 1769 et
466 1681 633 1768 homini
660 1686 708 1767 fit
734 1684 891 1767 amicus
918 1707 961 1767 et
988 1681 1225 1766 familiaris:
1253 1685 1344 1768 vidi
1371 1716 1395 1769 e
1423 1686 1563 1769 Persia
1591 1690 1776 1773 adlatum
1803 1686 1947 1773 borni·

252 1834 298 1920 ni
324 1834 590 1921 familiariter
616 1835 750 1918 cauda
778 1834 1132 1937 abblandientem,
1162 1857 1206 1919 et
1231 1834 1276 1919 in
1305 1838 1427 1921 dorso
1455 1837 1687 1923 ludibunde
1711 1869 1754 1923 se
1775 1838 1949 1955 provol-

252 2009 435 2088 ventem,
464 2008 512 2069 ut
539 2015 664 2071 canes
690 1985 864 2069 faciunt.
893 1992 955 2095 (t)
997 1993 1084 2068 Nec
1115 1984 1292 2070 dubium
1318 2007 1394 2085 est,
1421 1985 1602 2102 primam
1627 2012 1672 2073 et
1698 1986 1950 2106 primariam

254 2137 383 2225 Canis
422 2134 648 2223 domestici
687 2134 862 2250 stirpem
903 2138 955 2219 ab
995 2132 1077 2219 hac
1106 2134 1246 2249 specie
1274 2165 1365 2221 esse
1394 2137 1681 2226 derivandam.
1751 2141 1837 2227 Sed
1864 2140 1948 2225 sub

253 2286 442 2375 hominis
468 2285 755 2372 moderamine
783 2316 879 2371 cum
894 2284 988 2369 aliis
1011 2282 1153 2369 canini
1175 2286 1338 2401 generis
1359 2288 1598 2403 speciebus,
1627 2296 1820 2406 Hyaena,
1863 2295 1949 2375 Lu·

250 2462 381 2559 poet
407 2440 580 2525 tandem
611 2438 753 2556 Vulpe
780 2436 911 2523 mixta
953 2457 999 2520 et
1036 2433 1220 2551 hybrida
1247 2439 1357 2523 facta
1383 2461 1467 2541 est,
1509 2462 1557 2523 ut
1582 2474 1693 2527 nunc
1721 2464 1838 2528 recte
1865 2472 1950 2559 pro

252 2590 480 2707 peculiari,
520 2586 684 2676 factitia
710 2610 754 2675 et
781 2586 1031 2677 multiformi
1057 2587 1198 2705 specie
1226 2588 1330 2705 poni
1357 2613 1484 2705 queat
1512 2591 1639 2678 Canis
1667 2589 1905 2681 familiaris.

387 2910 556 2997 Deser.
620 2908 867 3025 Magnitudo
893 2908 1004 2995 inter
1027 2909 1215 3025 Vulpem
1242 2933 1286 2993 et
1313 2915 1477 3024 Lupum
1505 2909 1658 3015 media,
1687 2933 1843 2996 statura
1871 2942 1950 3027 po-

254 3059 341 3145 tius
368 3059 489 3176 Lupi,
518 3061 593 3145 sed
620 3060 829 3176 gracilior.
886 3064 1038 3148 Dentes
1064 3072 1259 3176 primores
1272 3084 1450 3175 quatuor
1461 3061 1708 3146 intermedii
1720 3066 1874 3148 obtuso
1890 3110 1955 3135 -·

257 3209 452 3314 truncati,
481 3211 746 3327 planiusculi,
777 3212 850 3295 vix
875 3213 1023 3314 lobati,
1050 3211 1206 3297 extimi
1233 3218 1422 3323 majores,
1451 3242 1574 3326 supra
1600 3211 1810 3315 conoidei,
1840 3211 1951 3299 infe·

259 3362 344 3449 rius
371 3362 606 3461 rotundati3
633 3366 784 3447 Canini
807 3395 930 3481 supra
957 3366 1083 3480 paulo
1111 3371 1306 3476 majorem
1335 3370 1509 3448 molares
1533 3363 1690 3476 ubique
1710 3364 1815 3465 seni,
1845 3394 1951 3479 quo-

260 3544 352 3599 rum
378 3511 506 3631 primi
533 3511 703 3599 minimi
726 3514 891 3619 conici,
929 3514 1116 3631 proximi
1139 3546 1264 3631 supra
1291 3517 1375 3598 duo
1403 3536 1448 3597 et
1472 3512 1582 3596 infra
1616 3536 1700 3597 tres
1726 3514 1949 3601 trilobato

262 3664 387 3765 acuti,
416 3663 593 3749 maximi
620 3689 664 3749 et
689 3664 828 3751 bilobi
852 3698 976 3782 supra
1003 3687 1186 3781 quartus,
1220 3664 1331 3749 infra
1359 3662 1551 3776 quintus,
1580 3663 1783 3778 postremi
1811 3666 1948 3751 minu·

342 3885 397 3988 (⁸)
417 3892 638 3959 Referendua
664 3892 809 3959 videtur
833 3892 878 3958 ad
903 3890 975 3959 hoc
994 3895 1112 3979 ipsum
1144 3888 1276 3955 animal
1298 3896 1428 3957 textus
1448 3886 1612 3959 Aeliani
1637 3890 1715 3959 bist.
1735 3890 1834 3961 anim.
1848 3893 1945 3963 tibi.

413 4032 481 4107 cap.
508 4028 541 4109 7.
596 4010 734 4098 „Thon
758 4012 886 4079 dicunt
904 4030 984 4079 esse
997 4008 1128 4075 animal
1155 4006 1470 4092 humanissimum,
1517 4017 1783 4100 praecipueque
1809 4010 1948 4081 homini

415 4138 618 4221 „amicum3
641 4138 682 4199 et
707 4134 737 4195 si
762 4128 857 4199 forte
883 4129 1126 4196 inhominem
1151 4128 1332 4211 inciderit,
1360 4133 1539 4213 revereri,
1566 4149 1608 4195 ac
1629 4130 1732 4197 velut
1749 4130 1946 4201 observan-

412 4260 499 4341 „tes
515 4257 695 4335 venerari,
721 4250 891 4339 amplius,
907 4254 937 4315 si
963 4271 983 4313 a
1009 4247 1093 4314 feris
1120 4248 1199 4313 aliis
1225 4252 1511 4316 circumventum
1539 4254 1708 4334 senserit,
1753 4258 1833 4319 tum
1859 4274 1949 4321 vero

413 4389 633 4461 „accurrere
658 4375 843 4459 protinus,
871 4368 1117 4457 opitularique
1143 4389 1210 4455 pro
1236 4367 1421 4451 viribus„
1487 4373 1542 4435 Ex
1568 4370 1733 4436 omuibus
1759 4374 1950 4441 itinerato-

415 4514 495 4561 rum
533 4490 771 4559 relationibus
795 4494 954 4573 constat,
994 4507 1120 4553 canem
1161 4506 1308 4552 aureum
1349 4490 1494 4554 minime
1527 4493 1656 4557 timere
1681 4486 1880 4579 bominem,
1906 4512 1962 4565 ιο

413 4612 507 4681 aliae
531 4610 628 4677 ferae
653 4628 792 4691 omnes,
819 4626 886 4671 nec
911 4606 1074 4673 habitata
1100 4604 1182 4673 loca
1207 4604 1342 4695 fugere.
1397 4610 1492 4691 Quin
1517 4607 1679 4675 clamore
1700 4628 1768 4677 suo
1786 4610 1879 4679 alias
1897 4612 1972 4683 fo-

414 4754 473 4803 tas
497 4729 693 4797 denunciat
718 4726 867 4811 homini,
893 4733 933 4794 et
957 4732 1014 4793 est
1039 4728 1142 4815 quasi
1166 4733 1289 4794 custos
1315 4727 1371 4793 illi
1393 4734 1561 4793 enatura
1586 4732 1817 4799 constitutus.
1870 4738 1972 4803 tine

413 4862 453 4923 et
476 4846 587 4921 Tbues
611 4844 736 4923 Plinii
760 4848 834 4923 bist,
862 4860 920 4915 tat
953 4848 1006 4917 tit.
1035 4842 1141 4921 ΗΠ.
1166 4868 1235 4939 rap.
1260 4851 1318 4921 52.
