4410 5910
1038 336 1183 390 ’Β
1837 267 1938 426 Ι427

256 533 429 638 calami,
458 533 571 623 intua
598 533 809 652 glandulis
835 563 1028 652 granosa3
1055 533 1198 651 lapilli
1222 535 1360 625 crebri
1387 535 1596 631 contentis
1623 535 1828 631 immixti.
1848 618 1855 629 .
1876 545 1939 626 In·
2053 569 2059 577 ·

258 699 446 775 teatinum
485 687 809 803 ampliusculum
857 706 922 793 144
958 686 1184 805 pollicum;
1224 722 1347 776 coeco
1387 693 1439 775 ab
1481 721 1562 774 ano
1603 694 1675 798 9'''·
1718 691 1940 794 distantia,

256 839 376 955 grani
403 836 579 924 secalini
605 837 815 944 crassitie,
845 842 958 953 long.
997 842 1065 926 2⁶¹.
1121 842 1250 927 Renes
1276 839 1436 941 bilobi,
1476 840 1578 927 lobo
1606 841 1818 958 superiore
1847 847 1939 929 sub·

257 988 577 1094 semicirculari,
620 982 804 1077 exterius
849 991 1011 1075 ambitu
1049 991 1200 1079 libero.
1278 997 1430 1080 Soccus
1468 1001 1716 1110 pulmonolis
1755 992 1935 1108 triplex:

255 1146 423 1226 Sinistcr
450 1136 648 1255 amp1ior,
690 1139 737 1224 in
766 1142 908 1227 alvum
936 1142 1109 1229 ulterius
1143 1167 1383 1261 protensus;
1425 1167 1589 1261 uterquc
1617 1144 1856 1234 lateralium
1885 1149 1938 1230 ad
2038 1168 2045 1179 ‘

256 1324 462 1378 summum
489 1290 708 1376 thoracem
735 1294 1022 1379 membranula
1048 1297 1293 1410 pulmonem
1321 1294 1534 1380 ambiente
1563 1320 1607 1380 et
1635 1268 1807 1411 aliquot'
1819 1297 1937 1383 ostiis

255 1444 443 1529 rotundis
469 1441 615 1558 pervia
643 1467 804 1560 septus,
838 1448 950 1530 unde
978 1444 1135 1531 cavitas
1165 1448 1218 1531 ad
1247 1449 1416 1532 dorsum
1444 1442 1625 1530 discreta
1653 1445 1806 1546 oritur,
1846 1452 1937 1533 sub-

252 1574 475 1698 cellulosa,
517 1624 624 1711 quae
652 1627 810 1681 sursum
840 1597 981 1713 amplo
1008 1594 1130 1682 hiatu
1159 1596 1442 1683 communicat
1477 1628 1579 1682 cavo
1617 1607 1738 1684 tertio
1779 1599 1938 1686 media-

255 1749 387 1849 stin0,
416 1771 601 1832 sternum
629 1772 862 1865 occupante
891 1771 934 1832 et
961 1747 1243 1864 pericardium
1267 1747 1533 1847 continente,
1563 1750 1676 1863 quod
1696 1748 1826 1834 tensis
1848 1780 1938 1836 ver·

252 1930 319 1984 sus
355 1922 541 1983 aternum
577 1899 877 1985 membranulis
914 1903 1113 1985 firmatur.
1180 1902 1426 1984 Membrana
1467 1929 1682 1984 saccomm
1721 1902 1938 2015 pulmona-

251 2048 387 2149 lium,
429 2081 509 2164 qua
550 2051 691 2134 alvum
731 2050 979 2166 respiciunt,
1022 2050 1136 2136 fibris
1179 2051 1405 2136 admodum
1445 2047 1709 2165 conspicuis,
1753 2050 1939 2166 obliquis

250 2203 499 2289 musculosa.
560 2205 767 2288 Trocbeoc
796 2203 941 2286 annuli
968 2199 1143 2318 integri;
1174 2203 1318 2289 bulbus
1346 2203 1398 2285 ad
1421 2199 1746 2286 bifurcationem
1760 2182 1937 2288 ¹duriore

251 2350 497 2470 cartilagine
525 2356 701 2451 farctus,
740 2354 1006 2455 bilocularis,
1045 2352 1294 2441 incrustatus
1333 2354 1520 2437 musculo
1562 2350 1760 2473 didymo,
1803 2383 1938 2468 aquo

252 2503 447 2620 utrinque
476 2503 702 2621 posterius,
736 2537 813 2620 per
840 2507 1001 2623 aliquot
1028 2505 1182 2607 lineas,
1226 2502 1398 2588 fasciola
1425 2497 1669 2595 muscularis
1708 2507 1939 2595 secundum

251 2653 468 2776 tracheam
497 2657 728 2743 adscendit.
785 2660 991 2745 Glandula
1019 2689 1171 2775 parva,
1208 2658 1411 2768 oblonga,
1453 2659 1624 2761 mbens,
1666 2657 1862 2772 utrinque
1891 2656 1938 2746 in

246 2804 509 2925 pinguedine
539 2811 591 2893 ad
619 2808 738 2895 basin
768 2809 891 2909 colli,
931 2841 1063 2926 prope
1091 2806 1287 2892 humeros
1317 2806 1555 2924 conspicua.
1621 2815 1671 2891 In
1699 2838 1783 2893 uno
1810 2809 1938 2935 Asca·
2008 2784 2011 2791 Ι

252 2956 389 3045 ridem
415 2959 662 3077 pollicarem
693 2960 740 3046 in
768 2990 888 3045 sacco
915 2960 1172 3077 pulmonali‚
1201 2989 1334 3076 prope
1364 2990 1456 3060 cor,
1483 2957 1642 3048 inveni.

685 3247 745 3350 X.
809 3237 1500 3369 XANTHORNI.

386 3417 458 3500 Ad
485 3420 625 3503 Genus
660 3419 932 3501 Brissonio
972 3418 1153 3509 leteros,
1192 3413 1424 3494 Linnoeo
1465 3410 1542 3493 sub
1570 3405 1730 3494 Oriolis
1759 3407 1933 3515 dictum,

253 3562 365 3652 mihi
392 3566 563 3654 nomine
592 3563 853 3681 supraposito
893 3562 940 3646 in
974 3564 1287 3676 spicilegiorum
1315 3561 1634 3673 Zoologicorum
1671 3563 1828 3646 Fascio.
1857 3584 1936 3647 stas

251 3715 435 3805 bilibum
477 3720 584 3801 duae
625 3746 723 3801 aves
763 3721 929 3799 Faunae
970 3734 1135 3798 nostrae
1175 3709 1421 3798 naturaliter
1467 3709 1692 3825 pertinere,
1721 3710 1936 3828 videnturr

250 3899 358 3970 una,
387 3877 505 3982 cujus
532 3867 860 3984 descriptionem
899 3871 973 3950 cel.
1003 3897 1044 3979 p.
1075 3896 1131 3949 m.
1159 3866 1355 3975 Collegae
1394 3863 1829 3947 Guzdensraedtro
1866 3863 1935 3947 de·

250 4022 418 4120 bemus;
446 4019 579 4105 altera
606 4019 804 4120 celebris,
835 4018 909 4102 sed
936 4010 1217 4098 minutissima
1239 4012 1422 4115 avicula,
1452 4013 1717 4114 Pandulinus,
1748 4010 1823 4126 qui
1842 4042 1935 4127 pro·

251 4171 449 4289 portione
475 4173 635 4285 pedum
661 4193 705 4255 et
732 4166 855 4253 rostri
882 4168 1014 4251 forma
1043 4196 1067 4247 a
1094 4163 1209 4252 Paris
1236 4162 1421 4262 alienus,
1466 4192 1545 4248 nec
1570 4162 1648 4246 ulli
1677 4162 1825 4274 generi
1850 4166 1935 4251 affi-

250 4322 347 4408 nior
374 4322 553 4408 videtur.
610 4328 702 4407 Imo
730 4350 815 4404 non
842 4318 979 4403 solum
1003 4325 1126 4403 rostri
1153 4338 1279 4430 atque
1307 4316 1456 4430 pedum
1478 4309 1818 4398 characteristica
1839 4345 1936 4400 con·

252 4474 525 4591 formatione,
558 4475 634 4559 'sed
662 4472 791 4558 etiam
820 4472 962 4556 nidum
989 4466 1230 4555 mirabilem
1254 4463 1432 4551 texendi
1459 4463 1638 4547 artificio
1665 4461 1935 4550 Xanthomoa

250 4627 392 4726 refert.
464 4625 550 4739 Qui
584 4623 695 4712 mihi
729 4654 806 4739 pro
836 4623 1061 4732 Pendulino
1096 4647 1226 4732 genus
1266 4615 1399 4731 magis
1440 4615 1627 4701 naturale
1668 4613 1934 4722 indicaverit,

254 4775 441 4864 docilem
467 4752 679 4880 habebit}
695 4776 749 4862 ad
775 4781 899 4861 Paros
926 4801 1028 4860 vero
1055 4800 1269 4889 nunquam
1293 4768 1486 4857 referam.

1539 4923 1558 4968 ο
