4410 5910
252 393 345 502 4⁶⁶
783 312 789 322 ’
1022 366 1170 477 .-.-;-..

250 613 373 703 natis.
429 619 614 706 Crissum
640 619 794 706 album.
852 621 1001 707 cauda
1024 619 1311 735 longiuscula,
1344 615 1544 705 rectrices
1571 615 1788 733 aequales,
1805 637 1945 725 *extus

249 769 528 874 rufescentes,
568 771 888 874 immaculatae,
941 771 1215 881 subtilissimo
1257 770 1375 886 apice
1416 767 1623 855 rhacheos
1665 766 1941 853 acuminatas·

250 919 378 1005 Pedes
415 923 690 1024 lutescentes,
735 922 1016 1036 longiusculi,
1059 922 1277 1007 tibialibus
1318 919 1517 1035 integris3
1560 921 1717 1032 digitur
1759 916 1944 1002 exterior

249 1090 343 1154 toto
372 1070 551 1156 articulo
589 1072 782 1158 coalitus.
852 1044 1085 1186 Longituclo
1126 1072 1215 1157 avis
1257 1075 1310 1158 ad
1350 1069 1602 1185 uropygium
1631 1075 1692 1155 δ”.
1720 1070 1794 1155 6’”.
1823 1066 1955 1177 rostri.

253 1222 325 1307 63⁰.
354 1223 512 1305 caudae
542 1229 600 1308 2⁰.
632 1228 702 1333 7'‘'.
732 1225 855 1308 ulnae
885 1226 1044 1308 alarum
1072 1228 1119 1310 δ”
1147 1223 1218 1310 5'‘'.
1247 1222 1378 1308 tibiae
1431 1224 1485 1304 ι”.
1534 1224 1602 1308 1'“.
1643 1218 1774 1336 digiti
1815 1218 1947 1313 medii

252 1372 371 1474 (cum
398 1402 536 1489 ungue
566 1376 656 1485 am.)
686 1380 773 1481 95⁶2
802 1374 959 1491 postici
988 1381 1104 1484 (cum
1131 1401 1269 1486 ungue
1299 1377 1406 1485 εἷ’.)
1437 1374 1508 1459 6’”.

617 1654 763 1758 ΧΙΧ.
838 1652 1594 1758 MOTACILLAE
1703 1698 1713 1719 ·

396 1823 617 1908 Ficedulae
646 1827 849 1907 Kleinii
877 1842 921 1905 et
949 1824 1225 1923 Brissonii,
1256 1821 1497 1907 Motacillas
1522 1825 1759 1924 Linnaei,
1790 1820 1837 1906 in
1866 1825 1949 1909 duo

257 2005 414 2092 genera
443 1973 613 2086 sylviae
656 1994 697 2055 et
726 1972 970 2056 Motacillae
1012 1968 1244 2085 dispescuit
1282 1976 1511 2089 Scspols's
1552 1975 1628 2056 sed
1663 1969 1948 2059 characterem

260 2125 429 2241 Sylyias
459 2123 789 2237 distinguentem
816 2151 952 2237 neque
982 2119 1128 2206 docuit
1163 2120 1264 2221 ille,
1305 2153 1383 2208 nec
1424 2151 1504 2237 ego
1545 2120 1737 2206 invenire
1781 2155 1949 2239 possum

257 2274 580 2371 suffiicientsm,
620 2251 803 2387 ideoque
832 2303 909 2388 pro
939 2273 1186 2358 facilitando
1227 2303 1379 2386 genere
1407 2270 1580 2387 copioso
1607 2272 1707 2358 satis
1734 2301 1825 2359 esse
1867 2305 1948 2360 cre·

260 2424 375 2523 didi,
403 2424 439 2507 si
466 2424 512 2507 in
539 2421 769 2539 phalanges
797 2424 1008 2509 naturales
1044 2419 1228 2508 divisum
1267 2424 1378 2510 illud
1415 2423 1619 2510 sisterem.
1693 2429 1761 2509 Ex
1802 2423 1949 2513 habitu

259 2576 390 2692 igitur
413 2597 557 2659 eruntr

276 2796 279 2803 .
405 2761 441 2810 1.
468 2727 706 2813 Oenantbae
727 2727 917 2841 (sylviae
933 2731 1128 2836 Kleinii),·
1156 2727 1328 2812 rostello
1344 2727 1603 2826 robustiore,
1629 2723 1730 2811 setis
1753 2723 1949 2843 insignio·

263 2876 380 2963 ribus
409 2881 461 2962 ad
490 2877 611 2964 basin
638 2878 880 2980 vibrissat0,
924 2880 1087 2983 colore,
1125 2877 1371 2993 praesertim
1412 2879 1569 2963 caudae
1596 2875 1728 2961 vario.
1799 2883 1951 2965 naum

262 3028 490 3143 pleraeque
517 3028 564 3115 in
593 3029 799 3114 cuniculis
827 3028 1126 3133 subterraneis,
1171 3028 1243 3112 vel
1282 3031 1358 3113 sub
1393 3027 1714 3114 imminentibus
1742 3028 1858 3115 saxis
1884 3057 1949 3114 seu

265 3177 453 3292 caespite
480 3179 667 3295 riparum
694 3179 950 3266 nidulantur.

403 3363 441 3414 a.
470 3333 664 3443 Sylvius,
691 3332 983 3432 tenuirostres,
1013 3349 1139 3413 canto
1165 3330 1445 3430 excellentes,
1482 3329 1624 3417 colore
1649 3327 1861 3415 cinericia
1888 3327 1950 3412 vel

263 3479 382 3564 tusco
409 3478 728 3595 inconspicuas,
770 3483 867 3593 gula
894 3480 1057 3596 saepius
1091 3479 1319 3578 discolore;
1360 3487 1449 3563 Hae
1491 3481 1667 3587 caudam
1706 3480 1949 3595 plerumque

265 3629 388 3740 supra
415 3632 573 3714 alarum
602 3630 762 3745 apices,
801 3631 919 3746 quasi
946 3633 1174 3746 pendulos,
1218 3651 1446 3715 surrectam
1474 3653 1647 3745 gerunt,
1686 3654 1871 3746 suntque
1896 3659 1948 3713 ar·

264 3777 438 3881 boreae,
468 3779 515 3863 in
544 3779 720 3865 arbustis
748 3779 1000 3865 nidulantes.
1447 3876 1453 3885 ,

404 3942 444 4014 3.
471 3931 743 4024 Pallenuroe,
782 3928 1055 4015 tenuirostres
1066 3989 1082 4028 ,
1122 3932 1257 4014 cauda
1297 3925 1576 4044 longiuscula,
1616 3927 1824 4015 lateribus
1864 3931 1950 4015 albe

265 4075 532 4182 motitantes,
579 4080 900 4183 ambulatoriae,
945 4054 1221 4194 campestres,
1260 4077 1567 4198 hydrophilae,
1609 4077 1735 4165 humi
1776 4081 1951 4168 libenter

267 4225 570 4327 discurrentes,
594 4233 706 4317 flare
732 4229 883 4313 albore
909 4229 1053 4314 colore
1080 4227 1278 4344 insignes.

331 4345 337 4363 ¹
404 4395 444 4481 4.
474 4382 726 4492 Corycidas,
751 4378 1045 4481 tenuiroatres,
1075 4381 1222 4464 colore
1238 4380 1454 4484 Alaudae,
1481 4406 1622 4494 ungue
1642 4377 1779 4465 etiarn
1795 4378 1950 4497 postico

268 4528 526 4636 majusculo,
568 4532 645 4613 sed
683 4531 864 4628 falcat03
915 4559 1025 4645 quae
1064 4530 1118 4613 ab
1158 4527 1454 4646 Ornitbologis
1491 4528 1710 4646 bucusqoe
1752 4530 1947 4627 omnibu

267 4697 441 4792 propter
467 4678 604 4762 solum
630 4679 839 4785 colorem,
879 4678 993 4767 inter
1030 4680 1218 4766 Alaudas
1258 4682 1417 4766 relatae
1455 4682 1651 4781 fuenmt,
1691 4684 1751 4769 ad
1774 4711 1876 4798 quas
1896 4699 1946 4763 ts·

270 4851 388 4930 meu,
414 4855 515 4915 cum
540 4826 627 4917 sint
652 4833 851 4920 arboreas
877 4860 1023 4920 omnes
1034 4897 1048 4938 ,
1086 4829 1245 4922 minori
1271 4830 1405 4925 edam
1428 4840 1520 4950 jura
1547 4833 1811 4943 referuntur,
1835 4850 1944 4947 qun
