4410 5910
253 444 347 529 ι..
1016 359 1169 489 ε’-

254 648 388 734 altera
413 641 571 731 eoloris
597 637 730 730 soliti.
798 639 931 751 Hujus
964 630 1102 751 pellis'
1127 632 1198 719 ad'
1218 652 1288 716 me
1329 625 1472 717 adlata
1508 622 1593 717 fuit
1630 646 1732 717 cum
1768 626 1818 715 in
1855 622 1948 717 illis

249 798 440 921 partibus
468 818 669 883 versarer.
738 790 869 880 Plane
896 788 1015 879 abo·
1043 785 1274 904 capreolos
1300 785 1415 901 apud
1440 812 1517 873 nos
1544 784 1791 875 observatos
1816 780 1947 873 teitu

249 978 467 1073 nunquam
492 946 667 1072 audivi..
733 1036 736 1041 ,

781 1150 1415 1193 *mu

611 1286 814 1407 xxvi.
885 1283 1572 1453 assecutores,

945 1512 1261 1534 Μ

386 1618 505 1711 lnter
530 1620 640 1714 Oves
668 1650 713 1711 et
740 1624 903 1741 Captus
928 1620 986 1708 Li
999 1656 1039 1708 n.
1067 1620 1228 1706 limites
1256 1613 1475 1735 generiem
1502 1644 1587 1703 non
1609 1611 1800 1719 invenis,
1826 1638 1952 1736 prasi

249 1773 395 1865 sertim
424 1776 461 1862 si
489 1801 720 1893 spontanea
746 1775 871 1890 hujus
900 1773 1117 1860 affinitatis
1159 1768 1362 1856 animalia
1403 1768 1448 1854 in
1486 1770 1849 1885 comparationem
1878 1772 1953 1859 sd·

246 1928 408 2016 mittas.
466 1914 729 2017 Posteriores
757 1950 903 2012 tamen
931 1930 984 2012 ab
1012 1925 1106 2011 istis
1134 1952 1377 2021 secernens,
1420 1952 1518 2008 cum
1546 1921 1823 2040 Antilopibus
1850 1954 1949 2012 con·

249 2080 483 2169 sociaverat
510 2084 578 2168 Ill.
607 2085 833 2179 Linnoeus,
873 2110 976 2194 quas
1003 2080 1176 2163 tandem
1204 2075 1331 2161 certis
1361 2098 1404 2159 et
1433 2074 1702 2160 evidentibus
1728 2073 1866 2182 notis,
1904 2092 1953 2167 ιιιΙ

250 2230 437 2317 maxime
464 2229 637 2338 habitu,
679 2266 704 2318 a
733 2230 870 2349 capris
898 2200 1120 2318 distinctas
1156 2258 1246 2314 esse
1284 2226 1390 2313 alibi
1426 2225 1554 2314 docui
1582 2234 1661 2341 (*).
1731 2226 1952 2341 Conjun'xl

249 2411 351 2468 vero
381 2379 455 2469 hie
483 2387 558 2470 sub
584 2385 853 2499 Aegocerotis
883 2382 1168 2501 appellatione
1197 2380 1341 2469 omnia
1369 2377 1792 2468 animalia'comibus
1813 2412 1952 2470 retur·

104 2516 118 2555 '
249 2533 337 2640 vis,
367 2532 598 2649 angulatis,
625 2535 807 2653 rugosis,
835 2542 1079 2655 ungulisque
1106 2543 1258 2652 spuriis
1285 2531 1531 2618 minusculis
1558 2532 1774 2648 praedita,
1814 2540 1955 2652 scopis'

250 2687 306 2771 ad
333 2714 472 2801 genua
500 2709 545 2772 et
572 2686 667 2773 sinu
695 2687 920 2805 lacrymali
947 2690 1035 2774 fere
1064 2684 1287 2791 destituta,
1341 2712 1533 2801 quaeque
1570 2685 1683 2801 apud
1726 2690 1952 2795 Auctores,

249 2838 537 2956 (Antilopibus
564 2837 775 2959 exceptis)
805 2838 963 2927 Ovium
990 2864 1036 2929 et
1063 2840 1292 2955 Caprarum
1321 2866 1475 2953 genera
1503 2835 1828 2926 constituerunt.
1893 2816 1952 2929 Et

250 2984 535 3097 licitorum,
571 3013 620 3075 ut
645 2990 693 3076 iu
721 2990 895 3078 canibus
924 2990 1031 3096 feci,
1075 2990 1351 3110 compositas,
1394 3014 1441 3076 ut
1469 2990 1658 3096 videtur,
1699 3020 1779 3107 per
1804 2968 1954 3081 humei

251 3170 353 3229 nam
380 3142 589 3229 culturam
614 3134 864 3232 domatum
890 3143 1057 3263 stirpes}
1094 3174 1119 3229 e
1146 3142 1386 3263 promiscuo
1414 3142 1598 3261 plurium
1628 3142 1869 3261 specierum
1896 3142 1954 3235 0ἰί

250 3316 490 3380 curetarum
517 3324 744 3413 congressu
771 3320 906 3405 ortas,
935 3294 1188 3415 selectisque
1218 3296 1319 3384 dein
1347 3295 1572 3383 connubiis
1594 3296 1863 3384 confirmatas
1883 3276 1954 3385 vel

250 3444 453 3553 varians,
501 3468 705 3567 tanquam
733 3447 919 3537 factitias
946 3448 1110 3569 species
1138 3449 1312 3538 seorsim
1340 3449 1539 3567 exposui3
1587 3447 1748 3568 quippe
1777 3430 1954 3566 quarum¹

252 3598 376 3715 origo
403 3631 491 3687 non
531 3598 741 3723 simplex,
784 3600 928 3689 saltim
965 3600 1185 3716 ambigua,
1225 3631 1418 3721 quaeque
1458 3600 1560 3689 ideo
1604 3602 1658 3687 ad
1697 3602 1952 3691 naturalium

255 3750 495 3873 specierum
521 3754 684 3841 nullam
712 3754 904 3841 absolute
931 3752 1077 3841 referri
1112 3776 1299 3872 possunt.
1944 3744 1951 3765 '

348 3956 464 4029 122.
520 3918 985 4031 AEGOCEROS.
1042 3940 1162 4033 Ibes.
1202 3938 1325 4031 Ταῦ.
1361 3924 1468 4029 XV.
1512 3948 1560 4030 et
1594 3938 1693 4057 mg.
1736 3963 1778 4033 ι.
1819 3962 1868 4035 a.

395 4083 489 4167 ΔΕ.
517 4080 715 4168 cornibus
744 4076 1060 4201 subtriquetris,
1103 4106 1296 4170 extremo
1324 4082 1595 4201 compressis,
1631 4082 1836 4186 arcuatis,
1862 4080 1952 4171 dor·

256 4246 305 4317 σο
330 4259 524 4320 convexa
553 4231 737 4321 nodosis.

479 4389 584 4472 lbex
614 4386 776 4504 alpium
804 4384 1091 4495 sibiricarum,
1119 4390 1227 4476 Pell.
1255 4390 1398 4507 spicit.
1427 4375 1547 4475 Zool.
1567 4392 1681 4503 fate.
1709 4390 1786 4478 Xt.
1815 4422 1857 4509 p.
1883 4400 1949 4477 sn.

536 4539 622 4623 tob.
671 4576 762 4624 111.
804 4543 1009 4628 Sclueber.
1052 4550 1262 4629 mummol.
1306 4542 1356 4627 V.
1400 4575 1442 4659 p.
1474 4554 1567 4627 281.
1621 4538 1820 4633 Pennattt.
1858 4546 1946 4629 tiss.

535 4692 684 4808 qttadr.
712 4697 745 4778 1.
776 4727 817 4809 p.
847 4711 916 4805 49.
945 4728 985 4782 n.
1021 4710 1082 4785 ιδ.
1111 4696 1231 4785 Zool.
1262 4716 1365 4784 atet.
1392 4698 1428 4778 l.
1454 4727 1498 4812 p.
1534 4708 1595 4785 ιθ.

257 4844 575 4867 m

310 4914 368 5010 (Ἴ
389 4916 540 5013 Spieiteg.
564 4915 664 4995 Zml.
685 4918 780 4998 fasc.
803 4918 837 4997 Ι.
861 4942 898 5016 p.
923 4941 958 4994 a.
