4410 5910
249 467 307 554 24
1015 454 1162 509 Β

356 659 521 751 Tauris
547 659 727 770 (eodem
754 653 1016 772 significatu)
1043 656 1362 767 liic-myschols
1386 652 1495 739 item
1521 654 1669 742 Pallan.

356 886 648 977 Tscherlcessis
675 889 929 1001 Mass-gadra.
958 889 1237 1001 (Giildenst.)

268 1158 272 1165 ·
385 1129 601 1235 Frequens
628 1117 675 1204 in
700 1117 966 1203 arundinetis
992 1141 1038 1203 et
1064 1116 1197 1232 sylvis
1225 1116 1458 1233 subalpinis
1484 1114 1598 1202 circa
1616 1147 1730 1203 mare
1745 1119 1952 1238 Caspium

248 1300 296 1363 et
330 1277 471 1360 lacum
501 1271 625 1370 Aral,
653 1270 758 1358 item
786 1271 841 1356 ad
866 1277 1002 1358 Terec
1029 1273 1128 1356 lluv.
1158 1269 1407 1384 praesertim
1434 1299 1536 1355 vero
1563 1268 1610 1354 in
1637 1270 1803 1358 Persiae
1825 1276 1951 1361 bote-

249 1429 399 1524 alibus,
425 1422 501 1509 ubi
528 1454 552 1507 a
579 1424 817 1508 Gmelino
845 1452 942 1507 cum
971 1424 1079 1507 Cato
1107 1423 1198 1505 lero
1224 1451 1445 1537 perperam
1475 1421 1761 1508 confunditur.
1824 1425 1951 1515 Vivit

252 1579 399 1666 avibus
424 1574 535 1661 inter
563 1572 787 1659 anmdines
815 1571 1174 1689 pernoctantibus,
1201 1571 1404 1671 muribus,
1431 1571 1520 1658 imo
1557 1573 1758 1689 piscibus.
1823 1582 1858 1660 F
1859 1606 1955 1665 ero·

251 1730 363 1818 ciam
390 1751 514 1844 capta
540 1756 625 1814 nou
652 1725 786 1813 exuit.
853 1723 988 1812 Persis
1023 1752 1191 1839 quoque
1225 1723 1399 1809 nomine
1410 1783 1425 1825 ,
1467 1726 1582 1839 quod
1619 1726 1775 1814 Catum
1811 1728 1953 1818 terum

252 1905 385 1981 sonat,
412 1879 545 1964 venit,

388 2187 535 2269 Desc.
589 2181 838 2292 Magnitudo
864 2179 977 2264 inter
1004 2179 1159 2265 Catum
1184 2203 1228 2265 et
1257 2181 1519 2268 Caracallum
1554 2181 1757 2294 Buffo'n.
1796 2182 1959 2287 media,

253 2365 327 2421 seu
354 2334 462 2420 Cani
489 2361 614 2417 aureo
642 2332 731 2415 fere
760 2363 849 2446 par,
877 2331 946 2415 cui
974 2353 1019 2414 et
1045 2331 1187 2416 colore
1215 2333 1472 2434 consimilis3
1501 2355 1661 2418 statura
1689 2332 1827 2418 minus
1861 2364 1954 2448 gra·

168 2468 172 2475 ⁴
255 2486 353 2574 cilis
382 2484 614 2583 Caracalla,
645 2485 752 2569 Cato
779 2481 974 2581 similior,
1002 2511 1192 2597 procera.
1247 2487 1384 2600 Caput
1411 2517 1488 2602 pro
1517 2486 1629 2570 mole
1657 2517 1847 2600 parvum,
1880 2492 1956 2573 ob.

256 2637 438 2751 longius.
490 2637 643 2734 Nonas,
669 2657 718 2718 ut
743 2632 790 2719 in
817 2634 924 2720 Cato
961 2633 1063 2717 stria
1103 2633 1286 2732 divisuS,
1320 2670 1397 2754 per
1433 2659 1613 2724 tractum
1651 2638 1809 2721 nudum
1847 2639 1956 2724 labii

259 2790 557 2875 descendente.
620 2785 718 2871 Oris
745 2782 927 2868 ambitus
956 2785 1086 2870 albus.
1141 2787 1294 2872 Dentes
1320 2781 1526 2896 primores
1541 2786 1674 2902 parvi,
1687 2787 1843 2885 obtusi,
1861 2793 1956 2875 sub·

261 2940 471 3054 aequales,
499 2937 665 3023 extimo
690 2924 890 3049 utrinque
918 2936 1162 3047 majusculo,
1196 2934 1430 3037 conoide0;
1467 2945 1642 3023 molares
1675 2970 1799 3054 supra
1836 2941 1957 3055 prior

260 3091 462 3188 minutus,
490 3088 653 3175 medius
686 3085 977 3198 triangularis,
1017 3109 1249 3202 postremus
1285 3087 1494 3173 maximus
1528 3089 1749 3205 tricuspis,
1789 3091 1956 3206 postica

204 3225 210 3232 ⁵
260 3244 507 3358 productus;
536 3245 645 3351 infra
670 3238 776 3323 item
801 3260 898 3339 tres,
926 3236 1085 3353 primus
1115 3237 1301 3337 conisus,
1326 3240 1454 3355 paulo
1482 3238 1620 3327 minor
1642 3240 1830 3355 reliquis.
1858 3246 1957 3354 My-

262 3416 396 3480 staces
421 3411 450 3499 4
474 3390 686 3489 ordinum,
713 3389 939 3502 pleraeque
967 3412 1079 3474 setae
1108 3413 1152 3474 et
1178 3398 1356 3498 majores
1385 3391 1573 3489 albidae,
1612 3421 1785 3508 superae
1827 3393 1955 3506 nigri·

264 3568 419 3630 cantes.
476 3546 628 3629 Sutura
654 3539 832 3626 bieruris
859 3571 981 3654 supra
1009 3571 1155 3624 nasum
1181 3564 1227 3624 et
1255 3541 1451 3655 utrinque
1481 3565 1577 3626 ante
1605 3544 1809 3629 canthum
1839 3544 1956 3630 oculi

268 3698 439 3780 reflexa.
498 3697 539 3777 V
536 3723 679 3776 emeca
706 3699 1009 3804 suproocularis
1035 3691 1135 3806 pilis
1165 3707 1203 3778 5.
1231 3691 1371 3790 luscis,
1398 3694 1523 3778 unica
1550 3717 1638 3779 seta
1666 3694 1831 3792 albida,
1860 3698 1963 3781 buc·

266 3853 376 3931 coles
402 3867 491 3929 seta
518 3843 642 3928 unica
670 3849 826 3955 majore
865 3842 978 3943 alba,
1018 3853 1227 3956 paraticas
1263 3844 1363 3928 setis
1401 3845 1527 3930 binis.
1593 3850 1726 3931 Aures
1766 3875 1960 3960 magnae,

268 3993 544 4098 acuminatas,
575 3992 697 4109 apice
722 3992 881 4107 nigrae,
908 3992 1008 4109 pilis
1035 3995 1244 4109 elongatis
1279 3996 1466 4081 breviter
1503 3996 1799 4111 penicillatae,
1837 4021 1959 4083 extus

269 4149 398 4246 rufae,
425 4144 627 4231 interiore
656 4173 760 4230 cavo
788 4144 888 4258 pilis
914 4145 1087 4260 pallidis
1112 4151 1377 4234 obumbrato·
1408 4201 1457 4213 -
1487 4151 1647 4265 Corpus
1673 4147 1852 4262 gracile3
1881 4152 1959 4235 Ar·

269 4320 334 4387 tus
360 4297 546 4414 proceri,
574 4320 734 4393 tenues,
751 4300 926 4405 falculis
963 4328 1118 4385 corneo
1135 4299 1475 4386 ·lutescentibus.
1542 4303 1685 4386 Callus
1725 4299 1770 4384 in
1808 4300 1960 4386 amicis

269 4450 450 4568 pedibus
477 4447 639 4564 poetice
669 4449 722 4532 ad
749 4476 946 4562 carpum,
982 4450 1193 4565 pauloque
1227 4451 1413 4537 exterius
1446 4451 1777 4553 verrucitonnis,
1811 4455 1962 4552 nudus,

269 4596 688 4711 prominentissimus.
755 4601 915 4712 Unguis
950 4601 1164 4713 polliceris
1197 4605 1432 4720 palmarum
1472 4604 1638 4721 penitus
1678 4602 1723 4689 in
1764 4603 1961 4717 vaginam

272 4748 508 4834 retractilis.
562 4752 731 4835 Palmae
758 4751 902 4832 subtus
930 4751 1089 4864 nigrae,
1117 4754 1162 4839 in
1189 4755 1346 4872 plantis
1381 4779 1537 4841 tractus
1574 4789 1597 4839 a
1634 4755 1781 4872 digitis
1819 4785 1960 4839 versus

273 4901 517 4988 calcaneum
543 4899 676 5015 niger,
694 4902 805 5019 pilis
835 4900 1099 4990 densioribus
1130 4905 1305 4991 reversis
1334 4909 1452 4992 utin
1479 4915 1662 5024 Lepore,
1705 4938 1847 4993 versus
1880 4905 1961 4992 cal·
