4410 5910
265 704 398 794 quens
426 704 515 761 esse
543 697 588 759 et
616 704 640 756 a
667 667 825 755 lacutis
863 701 887 754 a
921 674 1036 756 Lena
1069 666 1175 753 illuc
1216 665 1299 752 iter
1333 663 1584 753 facientibus
1620 674 1727 758 adeo
1762 672 1949 778 timetur,

159 893 164 900 -
261 850 308 913 ut
335 828 555 916 terribilem
583 823 629 909 in
657 819 913 937 superlativo
941 822 1071 934 gradu
1099 823 1194 930 (Ka
1207 870 1222 885 -
1236 823 1357 927 choi)
1386 819 1705 933 appellaverint,
1728 854 1867 938 neque
1887 823 1951 909 in·

260 1002 386 1066 venta
412 985 503 1092 ejus
530 973 711 1090 vestigia
736 971 914 1058 transire
942 974 1143 1073 audeant,
1179 968 1264 1056 nisi
1297 968 1647 1085 superimposito
1682 974 1799 1089 prius
1836 1005 1951 1061 arcu.

260 1133 332 1216 Ad
359 1136 519 1215 Lanam
545 1125 725 1212 subinde
755 1122 919 1210 occisus
949 1123 1032 1207 fuit
1056 1121 1102 1208 in
1136 1122 1309 1236 regione
1344 1120 1494 1237 oppidi
1530 1123 1786 1236 Balagansk,
1814 1150 1858 1212 et
1894 1129 1952 1212 ad

260 1284 505 1382 Olecmam,
550 1310 627 1362 noo
657 1275 804 1363 stadiis
841 1273 1009 1360 tossicis
1047 1278 1100 1360 ab
1133 1272 1264 1377 ostio,
1307 1271 1575 1359 observatum
1609 1274 1656 1359 in
1695 1277 1948 1364 adversariis

264 1434 487 1517 Gmelini
512 1460 596 1514 sen.
624 1426 813 1512 invenio.
871 1420 1014 1532 Pellis,
1046 1456 1153 1542 quae
1181 1424 1228 1510 in
1253 1427 1399 1509 Museo
1426 1425 1678 1513 Academico
1706 1430 1837 1514 larcta
1866 1459 1949 1516 ser·

259 1604 390 1685 vatur,
421 1579 534 1666 circa
560 1575 782 1663 Tunlrinsk
811 1576 865 1662 ad
892 1579 1108 1665 Baicalem
1135 1570 1267 1658 occisi
1296 1560 1491 1693 animalia
1519 1574 1613 1660 fuit.
1679 1581 1853 1667 Scaudit
1884 1614 1948 1669 ar.

259 1733 393 1834 bores,
422 1754 469 1816 ut
497 1737 632 1845 Lynx,
664 1750 709 1814 et
734 1725 1046 1813 transeuntibus
1074 1722 1338 1828 animalibus,
1366 1724 1614 1840 praesertim
1641 1729 1841 1837 Alcibus,
1879 1738 1952 1820 de·

258 1910 382 1999 super
408 1881 559 1967 insilit.
616 1878 846 1969 Hominem
873 1877 1004 1964 rarius
1032 1874 1238 1976 adoritur;
1274 1877 1532 1963 desudantes
1565 1899 1709 1965 tamen
1745 1886 1799 1967 ad
1833 1884 1952 2000 ipsos

257 2031 376 2148 ignes
402 2031 581 2136 invadit,
611 2030 694 2116 nisi
724 2029 865 2146 vigilis
893 2031 1078 2116 clamore
1104 2025 1286 2112 territus.

396 2336 571 2421 Descr.
629 2336 671 2418 V
666 2341 769 2422 ellus
795 2334 841 2421 in
869 2332 1052 2450 pellibus
1082 2329 1274 2418 Sibiricis
1302 2352 1346 2415 et
1374 2329 1621 2420 Bocharicis
1647 2336 1823 2450 largum,
1853 2339 1950 2424 sub·

257 2483 478 2589 hirsutum,
507 2508 554 2570 ut
581 2484 737 2600 frigido
764 2510 809 2571 et
837 2484 981 2600 alpino
1009 2482 1174 2570 climati
1200 2482 1456 2569 destinatum
1485 2484 1641 2571 animal
1662 2485 1788 2572 facile
1803 2517 1952 2605 agnos·

257 2667 340 2723 cas.
396 2639 643 2750 Magnitudo
669 2638 796 2753 paulo
825 2636 935 2721 infra
962 2633 1228 2738 Pantheum,
1258 2663 1391 2747 eaque
1413 2635 1622 2748 gracilior,
1653 2658 1838 2723 attamen
1861 2671 1950 2725 ma·

255 2793 320 2902 jor
346 2818 473 2903 quam
502 2819 525 2871 a
552 2788 919 2875 D'Aubentono
946 2785 1138 2871 traditur.
1204 2788 1329 2872 Color
1348 2782 1394 2868 in
1417 2788 1541 2872 dorso
1565 2817 1589 2871 e
1611 2787 1771 2903 pallide
1794 2818 1948 2905 gryseo

256 2936 531 3042 cinerascens,
560 2962 774 3026 caeterum
802 2938 933 3025 albus.
991 2940 1033 3022 V
1029 2958 1162 3035 ertex,
1193 2969 1327 3051 genae
1364 2960 1408 3022 et
1442 2946 1582 3024 cervix
1616 2969 1740 3054 supra
1775 2939 1948 3057 punctis

256 3086 519 3203 simplicibus
547 3089 660 3193 atris,
690 3089 737 3174 in
764 3089 931 3177 cervice
959 3085 1199 3200 majoribus.
1256 3090 1390 3174 Aures
1402 3087 1589 3202 margine
1603 3091 1850 3206 praesertim
1873 3122 1948 3179 ex·

255 3238 411 3325 teriore
437 3238 595 3354 nigrae,
625 3243 871 3355 maculaque
900 3239 1020 3352 nigra
1055 3240 1109 3321 ad
1142 3237 1276 3323 basin.
1333 3241 1491 3325 Puncta
1525 3247 1682 3354 majora
1717 3264 1805 3326 atra
1846 3274 1946 3330 con·

254 3417 365 3474 nexa
390 3388 437 3474 in
463 3399 614 3477 lineam
644 3390 851 3506 spinalem
879 3422 903 3472 a
930 3385 1074 3499 medio
1102 3391 1227 3474 dorso
1254 3390 1308 3473 ad
1337 3393 1528 3477 caudam.
1586 3395 1768 3479 Dorsum
1802 3417 1846 3479 et
1881 3404 1942 3482 la-

256 3560 344 3626 tera
370 3540 531 3626 variata
556 3551 721 3633 circulis
747 3539 1052 3627 orbicularibus
1079 3540 1151 3624 vel
1177 3540 1383 3654 oblongis,
1412 3538 1586 3657 magnis,
1601 3540 1846 3660 interruptis
1868 3577 1943 3633 seu

256 3691 501 3806 compositis
529 3722 554 3776 e
579 3690 748 3807 punctis
774 3689 1176 3777 subcohaerentibus
1203 3690 1517 3806 nigricantibus,
1541 3691 1652 3778 intus
1667 3696 1823 3782 vacuis.
1852 3701 1941 3784 Cir·

254 3848 338 3927 culi
364 3839 548 3927 minores
581 3873 659 3960 per
692 3838 1004 3931 antibrachium
1038 3864 1082 3927 et
1121 3844 1279 3927 femora
1317 3865 1438 3929 extus
1482 3843 1631 3958 sparsi,
1674 3868 1719 3929 et
1758 3848 1941 3933 extremi

257 3991 382 4109 pedes
409 4013 531 4077 extus
561 3992 715 4108 virgati
740 3991 1022 4079 transversim.
1080 3994 1227 4081 Cauda
1255 3993 1499 4111 longissima
1534 4001 1589 4106 (4
1625 4025 1722 4081 cum
1758 3996 1939 4086 dimidia

253 4140 343 4229 lere
371 4141 700 4261 epithematum)
730 4142 906 4234 maculis
932 4144 1188 4252 transversis,
1218 4144 1375 4262 passim
1401 4146 1578 4233 annulos
1605 4148 1895 4238 referentibus.

698 4541 744 4628 3.
832 4535 1068 4628 FELIS
1120 4537 1477 4629 Panthera.

325 4820 330 4829 ·
385 4777 435 4860 1².
461 4778 595 4864 cauda
622 4778 830 4898 elongata,
857 4809 1034 4898 corporo
1059 4811 1182 4900 supra
1209 4781 1485 4880 fulresconte,
1509 4780 1687 4867 maculis
1724 4780 1931 4868 annulari·

249 4921 327 5012 but
353 4927 564 5016 connatis.
