4410 5910
252 424 342 513 242
1021 408 1169 462 Ξ

251 612 435 744 quadam
461 616 645 735 Dugon‘s
673 646 807 721 sacra,
837 614 951 701 inter
970 608 1206 698 ¹innumera
1240 602 1384 696 ‘crenis
1421 600 1751 697 sacrificatorum
1788 596 1947 697 anima·

251 776 379 881 lium,
410 800 675 873 ammonum,
714 766 1048 884 rupicaprarum,
1088 793 1328 867 cervorum,
1357 781 1405 845 ut
1443 783 1488 849 et
1521 758 1690 862 ovium,
1730 758 1948 849 hircorum

255 950 300 1014 et
324 949 559 1029 taurorum,
574 923 723 1007 'etiam
749 916 1069 1037 quatuordecim
1096 913 1390 1031 magnitudine
1412 917 1466 1000 ad
1487 910 1615 1018 Uror,
1644 936 1694 1000 ut
1717 912 1805 1031 ipsi
1833 914 1949 1001 v'ide·

252 1083 376 1167 batur
401 1077 622 1163 referenda
649 1072 789 1189 capita
816 1069 1004 1173 invenit,
1034 1098 1211 1184 quorum
1239 1091 1383 1153 tamen
1409 1094 1650 1172 mensurae,
1689 1068 1745 1153 ab
1774 1096 1831 1153 ee
1848 1084 1951 1183 'prc-

252 1230 391 1334 ditae,
420 1259 508 1315 non
535 1220 670 1313 solum
695 1255 820 1339 supra
845 1220 1031 1324 traditis,
1061 1221 1293 1305 sedetiam
1318 1215 1670 1307 Lithuanico'rum
1697 1216 1948 1307 animalium

255 1411 377 1467 arne
404 1378 548 1465 statim
576 1375 842 1494 exponendis
878 1371 1083 1458 mensuris
1119 1372 1254 1458 multo
1302 1394 1399 1457 sunt
1438 1371 1637 1459 minores.
1707 1368 1951 1485 longitudo

254 1530 464 1647 ejusmodi
510 1529 646 1615 cranii
687 1527 946 1614 asoramine
972 1523 1192 1639 occipitali
1228 1526 1282 1610 ad
1318 1523 1485 1641 apicem
1520 1523 1724 1610 maxillae
1764 1544 1861 1609 erat
1906 1534 1951 1608 ιδ

254 1682 481 1801 pollicum,
510 1680 741 1767 orbitarum
770 1677 1046 1765 intervallum
1073 1690 1099 1762 8
1124 1677 1230 1791 poll.
1274 1676 1491 1763 Cornuum
1517 1676 1676 1792 apoll.
1718 1677 1891 1763 emm
1905 1672 1950 1759 in

253 1834 451 1922 omnibus
478 1857 597 1919 recto
625 1835 713 1918 fere
741 1833 896 1945 angulo
924 1827 1068 1915 statim
1096 1849 1141 1913 et
1167 1826 1490 1916 horisontaliter
1517 1856 1661 1914 versus
1686 1827 1825 1913 latera
1851 1848 1950 1913 octo

253 1987 462 2106 pollicum
488 1985 759 2099 longitudine
784 1976 1143 2100 protensal·3dein
1179 2010 1277 2066 arcu
1311 2011 1465 2096 magno
1501 2010 1662 2067 mrsum
1695 2002 1872 2066 curvata
1898 1978 1950 2065 ad

255 2137 529 2226 altitudinem
555 2136 744 2252 quinque
772 2133 999 2251 pollicum,
1028 2130 1151 2263 apice
1177 2136 1348 2240 obtuso,
1375 2132 1453 2220 vix
1478 2132 1707 2221 introrsum
1733 2160 1876 2219 verso.
1896 2178 1948 2201 ···

255 2299 317 2378 Ut
344 2290 478 2403 magis
505 2296 640 2376 Urum
668 2322 692 2373 a
719 2286 891 2373 nemine
920 2284 1136 2400 hucusque
1163 2288 1296 2402 probe
1323 2286 1585 2404 descriptum
1611 2284 1849 2385 illustrem,
1864 2306 1868 2313 '
1884 2282 1948 2371 ad·

256 2446 356 2530 dam
382 2440 458 2529 hic
486 2441 818 2558 descriptionem
845 2438 958 2523 iuter
991 2438 1188 2553 neglecta
1225 2438 1343 2525 varia
1377 2437 1661 2556 manuscripta
1693 2438 1948 2525 Academias

255 2604 520 2682 scientiarum
546 2598 876 2711 Petropolitanae
902 2588 1014 2675 mihi
1053 2591 1260 2690 oblatam,
1300 2622 1428 2708 quam
1462 2622 1520 2677 ex
1554 2598 1645 2679 Uro
1678 2590 1874 2677 masmrlo
1905 2608 1948 2675 st

256 2746 421 2863 aliquot
446 2745 588 2832 vaccis
614 2744 857 2861 spontaneis
898 2775 922 2827 a
957 2749 1077 2856 Rege
1112 2748 1387 2831 Bomssorum
1420 2741 1668 2861 Petropolin
1700 2745 1825 2830 'dono
1857 2736 1947 2827 mit·

256 2899 314 2985 sis
341 2922 386 2985 et
410 2899 573 2987 bovilla
600 2897 671 2983 lue
697 2896 874 2982 mortuis
893 2925 987 2980 ano.
1017 2909 1133 3005 ¹739·
1151 2895 1481 2983 concinnaverat
1505 2902 1543 2984 l.
1570 2900 1621 2985 C·
1652 2896 1821 2985 Wilrlc
1845 2902 1945 2983 Acr-

256 3050 426 3137 demiae
452 3073 689 3169 prosector,
720 3071 767 3135 et
792 3057 910 3163 cujus
937 3050 1145 3164 superflua
1172 3048 1371 3135 excludo.

393 3206 571 3290 Descr.
630 3204 741 3289 Utus
765 3199 1019 3317 proceritate
1060 3221 1107 3284 et
1144 3202 1431 3287 membrorum
1469 3200 1667 3288 vastitate
1707 3230 1759 3289 ac
1799 3204 1944 3289 robus

255 3361 417 3441 Vaccus
449 3356 587 3441 multo
620 3355 919 3440 antecellebat.
988 3356 1126 3470 Caput
1164 3383 1369 3457 crassum,
1411 3363 1566 3443 collum
1603 3356 1756 3457 brere3
1798 3360 1941 3443 mnas

253 3538 537 3624 compressus,
566 3528 704 3594 venter
730 3535 873 3591 versus
901 3502 1075 3618 inguina
1101 3504 1284 3590 strictus.
1339 3512 1526 3622 Tergum
1561 3505 1748 3594 anterius
1786 3506 1835 3593 in
1857 3503 1940 3623 gib

211 3728 215 3736 .
255 3660 353 3744 mm
379 3662 614 3762 elevatum,
641 3682 867 3744 retrorsum
895 3656 1051 3742 sensim
1078 3657 1270 3759 declive,
1308 3669 1430 3776 spina
1465 3690 1608 3746 versus
1641 3661 1793 3747 clunes
1827 3684 1940 3773 ungu

256 3810 355 3896 lata.
415 3813 571 3896 Dentes
594 3813 777 3896 molares
816 3807 974 3924 ubique
1009 3838 1098 3895 sex.
1167 3813 1302 3899 Nares
1341 3813 1532 3928 patulae,
1571 3820 1683 3900 oculi
1723 3810 1870 3899 vividi
1903 3826 1942 3895 cl

253 3984 413 4064 truces3
441 3970 594 4049 collum
621 3964 774 4064 latum,
812 3963 1041 4047 secundum
1076 3993 1212 4048 armos
1246 3967 1494 4080 pendulum.
1557 3968 1692 4052 Crura
1724 3962 1942 4065 antenus

254 4116 313 4201 ob
337 4114 525 4202 thoracis
563 4115 921 4231 profunditatem,-
957 4111 1153 4199 breviora
1187 4115 1441 4204 videbantur
1475 4118 1784 4235 posterioribus
1822 4139 1870 4203 et
1902 4142 1943 4201 ot

253 4266 489 4383 metacarpi
513 4290 606 4353 erat
633 4290 858 4353 metatarso
885 4267 1068 4351 brevius.
1127 4269 1320 4381 Ungulas
1344 4269 1534 4386 priorum
1560 4270 1838 4388 semipedalis
1862 4270 1941 4357 loo

253 4418 487 4533 gitud'nis,
535 4418 881 4505 circumferentia
915 4419 1130 4505 communi
1174 4423 1229 4506 ad
1271 4419 1393 4507 basin
1427 4422 1552 4509 unius
1586 4423 1739 4539 pediu
1786 4434 1939 4543 spurias

250 4568 462 4686 insignes,
488 4570 789 4687 tripollicares,
829 4573 883 4655 ad
915 4572 1103 4657 radicem
1131 4573 1405 4689 sexpollicari
1440 4576 1807 4682 circumferentia,
1842 4600 1937 4661 cras·

251 4754 345 4826 sae,
391 4725 671 4810 anterioribus
699 4723 867 4839 ungulis
895 4724 956 4809 ita
983 4747 1225 4840 coaptatae,
1267 4748 1316 4809 ut
1342 4725 1389 4811 in
1416 4725 1603 4829 incessu,
1646 4731 1702 4815 nd
1732 4725 1935 4815 fulcimest

251 4895 344 4961 tum
371 4876 558 4995 corporis
586 4875 677 4995 illis
704 4877 949 4991 adjumento
978 4908 1069 4965 esse
1095 4877 1272 4995 possint.
1336 4886 1388 4980 ln
1413 4880 1596 4997 pedibus
1623 4890 1797 5000 posticis
1819 4900 1933 4991 truc*
