4410 5910
881 454 1034 515 ΞΕ
1074 566 1084 580 ,
1732 469 1794 553 ις.

103 656 148 756 in
172 660 387 785 reliquum
414 683 618 746 nerveurn
642 676 837 773 systema,
865 682 913 744 nt
939 656 1243 774 experimentis
1270 685 1445 771 constat,
1466 695 1553 753 non
1575 624 1683 757 ideo
1707 669 1786 759 im·

104 821 302 924 mediate,
331 847 381 902 ac
406 812 665 901 cerebellum
690 834 736 896 et
760 810 936 926 spinalis
964 814 1151 896 medulla
1189 814 1297 928 agit,
1334 815 1381 902 in
1415 840 1534 907 tanto
1570 823 1790 911 rolum'nc

107 981 300 1089 figurato,
337 969 413 1054 sed
444 973 561 1080 cujus
596 962 951 1080 organisationem
978 964 1166 1051 sensibus
1201 967 1354 1053 nostris
1389 998 1475 1057 non
1518 975 1788 1088 assequimur,

71 1134 74 1141 ’
105 1159 188 1216 non
214 1145 359 1242 posset
386 1117 604 1208 continere
631 1147 785 1233 organa
812 1115 1051 1232 incognita,
1070 1117 1373 1235 peculiaribus·
1389 1123 1582 1238 praedita
1618 1126 1788 1213 faculta-

102 1280 215 1364 tibus
242 1305 384 1361 sensus
412 1268 726 1375 concentrandi,
754 1270 873 1356 ideas
899 1269 1112 1356 variorum
1137 1270 1333 1358 ordinum
1350 1274 1636 1390 concipiendi,
1663 1301 1706 1364 et
1719 1310 1790 1366 vo·

103 1429 276 1516 luntatis
297 1426 488 1512 stimulos
509 1421 674 1538 reliquo
694 1452 850 1509 nerveo
870 1420 1091 1538 systemati
1112 1423 1309 1527 addendi,
1331 1449 1458 1541 prout
1483 1427 1606 1513 nervi
1627 1452 1791 1517 artuum

106 1615 128 1667 a
153 1584 330 1669 cerebro
356 1607 430 1662 suo
460 1574 736 1660 abscissorum
760 1604 837 1691 per
863 1602 921 1680 se,
944 1574 1174 1660 accedente
1195 1598 1373 1664 externo
1392 1578 1577 1685 stimulo,
1602 1581 1791 1670 actiones

105 1763 199 1821 tuae
227 1728 506 1817 destinationi
534 1729 729 1841 analogas
757 1727 925 1814 efficere
957 1726 1116 1812 valent.
1185 1729 1291 1840 Quis
1319 1751 1485 1834 asseret,
1512 1761 1639 1817 omne
1676 1736 1791 1847 quod

106 1887 147 1973 in
173 1887 350 1973 cerebro
376 1878 591 1998 peragitur
618 1909 707 1965 esse
735 1883 937 1967 effectum
966 1879 1221 1966 accessoriae
1247 1884 1463 1995 cujusdam
1483 1881 1682 1978 „monadis
1714 1914 1790 2000 po·

107 2039 196 2142 tius,
212 2066 342 2152 quam
353 2030 633 2148 peculiarium
646 2060 897 2146 organorum
919 2033 1040 2118 vitali
1061 2032 1308 2117 actuositate
1322 2032 1636 2148 praeditorum?
1664 2039 1791 2121 Unde

109 2214 193 2276 erra
218 2189 268 2274 in
295 2189 527 2300 embryone
556 2182 721 2300 stupida
747 2204 848 2270 tunc
875 2184 953 2270 illa
978 2196 1151 2271 monast
1165 2183 1224 2287 ‘in
1251 2207 1387 2269 morte
1415 2210 1688 2301 appararente
1716 2216 1791 2273 seu

108 2339 311 2458 ssphyxia
339 2370 391 2422 an
420 2334 632 2420 avolavit?
674 2358 720 2420 et
745 2338 858 2421 unde
884 2335 1052 2424 irritato
1077 2365 1253 2452 corpore
1280 2337 1530 2428 revestitum
1582 2340 1697 2428 laeso
1723 2368 1789 2426 ce·
1813 2322 1818 2333 ¹

111 2496 222 2582 rebro
253 2518 381 2606 quare
407 2488 596 2575 laboratl
646 2490 719 2576 rel
744 2489 1046 2620 obdormiscit?
1076 2510 1165 2573 etc.

601 2905 648 2980 ις
732 2887 971 2979 FELIS
1024 2885 1288 3011 Tygris.

242 3171 289 3253 F.
318 3160 449 3249 cauda
476 3159 688 3278 elongata,
714 3188 889 3278 corpore
917 3158 1036 3248 fulvo
1064 3164 1209 3248 subtus
1237 3154 1358 3268 albo,
1382 3153 1559 3248 maculis
1585 3175 1790 3252 transcen

101 3311 182 3403 sim
209 3313 378 3431 virgatis
405 3314 518 3401 atris.
1774 3320 1778 3327 ’

321 3511 433 3613 Felis
460 3519 627 3639 Tygris,
655 3524 745 3609 lin.
772 3541 945 3638 system.
970 3523 1067 3607 XII.
1099 3522 1134 3606 1.
1162 3554 1204 3638 p.
1233 3530 1302 3610 δι.
1347 3518 1540 3609 sctrebe
1565 3547 1689 3606 mom.
1709 3472 1791 3605 lli·

402 3709 444 3794 p·
473 3689 566 3766 361.
597 3675 683 3761 tab·
711 3689 778 3784 98.

266 3873 274 3885 ’
320 3884 474 4003 Tygre,
516 3890 670 4000 Buffon
708 3891 804 3974 hist.
839 3886 917 3971 lx.
942 3913 989 4003 p.
1032 3917 1122 3996 tao.
1162 3884 1231 3975 ed.
1271 3892 1368 3973 min·
1406 3882 1565 3970 XVIII.
1608 3907 1652 3996 p·
1696 3888 1791 3979 282⁶.

403 4039 490 4125 tab.
517 4074 560 4150 9.

319 4200 463 4368 liger,
489 4252 687 4341 Pennant.
713 4278 809 4367 syn.
836 4278 878 4362 p.
912 4257 1001 4360 167.
1030 4272 1070 4331 n.
1106 4275 1202 4331 aar.

238 4457 410 4544 Rossice
437 4458 566 4547 Babr.
751 4445 759 4467 '
862 4455 982 4542 Indis
1004 4454 1256 4569 Bahgglrae·
1339 4468 1342 4479 '

237 4610 401 4709 Tataris
425 4613 605 4700 Jutbars.
865 4607 1074 4725 Tungusis
1123 4606 1347 4726 Morerijct·
1361 4585 1502 4721 bajimss

179 4730 182 4739 Ι
239 4764 452 4875 Mongolis
478 4765 600 4851 Barr.
860 4757 1066 4875 Tangutis
1099 4754 1226 4845 Watt.

240 4913 475 5003 Calmuccis
502 4920 771 5007 Charchulle.
866 4910 1322 5010 sinentibustouatu,
1342 4907 1509 5019 (vellite
1533 4926 1591 4996 Du
1616 4899 1776 5011 ualde.)
