4410 5910
1031 352 1178 410 Β
1352 327 1364 354 ‘
1864 357 2040 443 371'

482 552 703 671 Accipiter
728 552 983 672 passerinus,
1013 556 1133 643 Zool.
1154 557 1311 652 britan.
1350 590 1392 674 p.
1421 571 1488 668 ⁶9·
1516 588 1579 675 sp.
1615 572 1677 647 rs.
1711 557 1799 664 tab.
1826 560 1951 675 ᾼιο.
2077 642 2081 651 .

535 738 624 792 mss
650 709 692 792 A
712 744 772 793 ιι.
803 706 976 792 femina.
1867 809 1870 813 .

481 859 753 975 L’Epervies,
779 863 945 970 Buffon.
973 861 1117 945 omitia
1144 862 1180 940 Ι.
1207 892 1249 974 ρ.
1279 873 1372 948 315.
1410 862 1496 948 tab.
1525 877 1591 953 so.
1624 869 1713 977 fig.
1747 900 1781 949 ι.
1823 867 1952 950 D'au·

536 1011 643 1096 bens.
672 1021 777 1097 icon.
805 1018 884 1096 col.
914 1044 954 1096 n.
983 1029 1078 1116 412.
1107 1032 1152 1095 et
1179 1010 1357 1096 varietas
1385 1045 1425 1098 n.
1452 1028 1548 1124 467·
1662 1041 1665 1046 ’
1937 1112 1942 1119 ,

426 1172 471 1261 β.
498 1160 719 1276 Accipiter
747 1161 905 1260 minor,
932 1166 1116 1250 Brisson.
1146 1168 1292 1249 omitia
1323 1168 1357 1249 Ι.
1393 1196 1435 1280 p.
1466 1180 1560 1253 315.
1590 1166 1675 1252 tab.
1704 1181 1771 1254 30.
1793 1169 1881 1282 fig.
1917 1204 1951 1254 ι.

480 1313 608 1397 Falco
637 1311 841 1416 minutus,
870 1318 962 1398 Lin.
991 1334 1096 1425 syst.
1124 1318 1158 1397 l.
1187 1346 1286 1430 pag.
1322 1329 1411 1402 131.
1439 1348 1502 1432 sp.
1532 1331 1599 1404 δα.

372 1484 546 1570 Rossice
574 1489 847 1598 ferepeletnik
876 1485 1231 1595 (coturnicinus).
1303 1486 1494 1573 Lettonis
1529 1491 1708 1603 Wehgo3
1749 1485 1950 1575 Esthonis

431 1639 647 1722 Wimalml.
703 1636 867 1721 Tataris
893 1640 1082 1749 Kirglrai.
1146 1635 1386 1724 Calmuccis
1412 1641 1565 1752 Kirga,
1608 1642 1821 1728 communi
1852 1672 1950 1727 cum

330 1787 334 1793 ’
424 1790 616 1873 aesalone
644 1787 830 1871 nomine.

395 1968 473 2046 Per
498 1959 738 2044 universam
765 1957 957 2044 Rosciam
992 1981 1038 2043 et
1064 1957 1266 2045 Sibiriam
1305 1958 1353 2046 in
1392 1960 1761 2078 temperatioribus
1803 1962 1950 2054 vivers

257 2135 372 2199 amat
398 2136 441 2197 et
468 2143 554 2197 non
581 2112 821 2224 infrequens
850 2130 926 2194 est.
983 2109 1168 2195 Nonnisi
1194 2111 1242 2194 in
1270 2113 1583 2200 australioribus
1611 2113 1813 2229 hyemem
1839 2119 1949 2205 ferre

199 2268 201 2272 ⁸
257 2267 387 2364 solet,
429 2263 558 2377 frigus
585 2260 702 2345 enim
726 2260 864 2345 timet.
933 2259 1044 2346 Hinc
1081 2263 1220 2348 minus
1245 2265 1441 2375 frequens
1468 2264 1515 2350 in
1543 2265 1712 2351 Sibiria.
1782 2271 1825 2350 A
1852 2270 1947 2356 Cal·

256 2416 437 2520 muccis,
478 2413 641 2499 Tataris
669 2434 714 2497 et
740 2411 787 2496 in
814 2419 945 2496 Parva
972 2413 1122 2500 Russia
1158 2416 1213 2498 ad
1241 2415 1491 2502 Cotumices
1527 2415 1754 2531 capiendas
1780 2416 1949 2504 instruis

254 2592 344 2669 tur,
380 2572 493 2654 unde
522 2595 697 2667 nomen,
738 2562 840 2647 alias
867 2563 1097 2676 neglectus.
1154 2565 1373 2653 Columbis
1401 2565 1532 2651 etiam
1559 2565 1735 2654 infestus
1762 2592 1848 2671 est,
1886 2568 1948 2655 vi·

255 2720 476 2806 vidissima
504 2741 548 2804 et
575 2745 746 2832 pugnax
772 2744 850 2830 pro
877 2740 950 2800 sua
977 2718 1089 2803 mole
1117 2715 1219 2803 svis.
1289 2718 1449 2803 Fabula
1483 2718 1600 2832 vulgi
1632 2718 1679 2805 in
1708 2719 1948 2824 Germania,

255 2876 312 2959 de
340 2873 503 2961 Cuculo
532 2865 764 2954 autumnali
791 2889 983 2981 tempore
1011 2866 1174 2982 rapaci,
1214 2900 1240 2952 a
1265 2866 1548 2953 similitudine
1591 2873 1780 2957 colomm
1822 2868 1947 2985 hujus

254 3023 488 3140 Accipitris
516 3039 561 3106 et
588 3016 741 3108 Cuculi
768 3039 859 3101 orta
887 3016 1067 3103 videtur.

393 3279 568 3361 Des‘cr.
625 3268 840 3355 Foeminis
886 3269 1126 3379 magnitudo
1168 3269 1420 3366 Columbae,
1461 3297 1593 3351 mares
1629 3281 1673 3369 β.
1710 3297 1833 3386 saepe
1869 3267 1945 3359 vix

254 3434 436 3514 Turture
465 3433 656 3538 majores.
728 3424 833 3506 Cera
862 3418 998 3503 livido
1016 3469 1031 3484 ·
1048 3421 1173 3523 flava,
1216 3419 1286 3503 nel
1323 3417 1547 3502 virescens.
1618 3423 1747 3508 frider
1782 3420 1947 3509 intense

255 3578 449 3675 citrinse.
520 3581 658 3690 Caput
693 3606 814 3690 supra
849 3574 963 3656 fusco
999 3573 1186 3684 nigrum3
1228 3581 1366 3656 ceruix
1403 3570 1499 3653 albo
1528 3570 1692 3656 naevia.
1752 3576 1948 3682 ,Dorsum

256 3727 776 3829 coerulescentifuscum,
815 3730 886 3808 alo
912 3731 1053 3834 spuria
1081 3720 1209 3806 discis
1237 3723 1473 3836 plumarum
1501 3719 1608 3805 albis
1635 3720 1948 3812 intermicante.

255 3883 407 3968 saban
435 3882 552 3967 albus
581 3910 690 3978 mas,
718 3877 889 3961 interdu
905 3905 932 3956 n
961 3873 1188 3971 lutescens3
1218 3870 1413 3955 taeniolis
1442 3873 1707 3982 transversis,
1747 3875 1947 3992 subsagit·

251 4033 377 4136 tatis,
413 4029 592 4134 crebris,
626 4032 813 4140 foemina
841 4024 967 4108 fuscis
997 4024 1066 4108 vel
1095 4024 1210 4106 fusco
1224 4073 1239 4086 -
1254 4022 1433 4136 gryseis,
1477 4055 1567 4106 mas
1607 4024 1947 4139 ferrugineo-lu·

255 4182 528 4271 tescentibus.
585 4183 694 4266 Gula
723 4201 765 4263 et
795 4184 966 4263 eristum
992 4174 1101 4259 alba.
1171 4175 1360 4284 Remiges
1395 4170 1570 4256 interius
1610 4175 1705 4261 albo
1719 4227 1735 4242 ·
1748 4177 1946 4279 alternae.

253 4337 406 4424 Gauda
442 4329 730 4447 subaequalis,
771 4330 882 4412 fusca
892 4384 907 4425 ,
947 4323 1087 4409 fasciis
1125 4346 1303 4439 quatuor
1337 4322 1579 4407 transversis
1607 4324 1753 4440 nigris.
1822 4329 1952 4413 Pedes

250 4484 394 4602 longi,
436 4482 674 4583 flavissimi3
716 4479 873 4594 digitus
910 4486 1088 4562 exterior
1125 4497 1169 4560 et
1197 4476 1354 4561 medius
1382 4472 1574 4557 instructi
1603 4484 1764 4593 papilla
1792 4490 1951 4583 conica,

255 4640 389 4727 altera
414 4638 461 4722 in
490 4632 658 4736 medio,
705 4632 836 4717 altera
863 4631 917 4717 ad
945 4636 1142 4757 unguem.
1212 4626 1378 4761 Pondus
1412 4621 1582 4709 feminis
1600 4614 1603 4621 ¹
1619 4658 1742 4745 saepe
1772 4633 1824 4733 ad
1853 4653 1953 4716 octo

254 4791 422 4895 uncias,
451 4785 647 4874 masculis
673 4813 798 4903 saepe
827 4779 1054 4881 dimidium
1082 4783 1138 4877 sd
1167 4797 1215 4913 4⁸.
1238 4774 1396 4863 uncias.
1454 4773 1530 4891 llis
1557 4806 1751 4907 mensura
1775 4783 1833 4883 nd
1861 4811 1953 4869 uro.

1553 4934 1578 4987 s
