4410 5910
1034 392 1184 453 ΕΞ
1871 393 1952 485 ι95

259 599 415 719 grbbos
442 620 487 685 et
511 622 697 699 erectore
736 600 782 683 in
823 595 1061 683 macilentis
1096 594 1254 716 hyeme
1282 592 1406 718 tophi
1447 600 1493 686 in
1534 592 1781 687 alterutrum
1820 601 1950 708 latus,

259 744 513 872 plerumque
538 744 589 840 in¹
613 758 829 856 dextrum,
859 751 1026 839 flaccidi
1050 725 1311 868 bependent.
1368 762 1403 839 E
1427 747 1620 841 dulcibus
1641 754 1825 871 pascuis,
1854 777 1952 872 post

257 909 432 1023 longam
459 939 620 993 moram
646 908 692 991 in
720 909 826 992 salsa
854 907 949 992 loca
976 907 1172 1011 deducti,
1215 906 1398 1023 primum
1426 931 1655 1025 purgantur
1697 942 1721 993 a
1763 909 1948 1016 Salsolis,

253 1063 361 1147 dein
389 1054 696 1177 pinguescunt,
725 1062 917 1178 viresque
944 1061 1045 1146 inde
1073 1059 1299 1175 praecipue
1327 1060 1548 1176 colligunt.
1615 1066 1790 1149 Nudum
1818 1065 1949 1152 etiam

255 1217 391 1302 aulem
420 1215 546 1301 avide
575 1235 742 1314 vorant,
769 1216 886 1300 etin
916 1214 1088 1310 itinere,
1117 1216 1347 1300 dummodo
1374 1237 1496 1330 potus
1525 1215 1600 1316 sit,
1637 1246 1688 1302 eo
1715 1239 1949 1301 sustentan-

255 1391 327 1453 tur
354 1369 453 1474 diu,
491 1367 600 1468 imo,
641 1372 934 1454 ut1Nomadae
961 1366 1190 1484 perhibent
1235 1370 1289 1451 ad
1330 1367 1504 1484 triginta
1546 1368 1649 1454 dies.
1735 1371 1947 1458 Continuo

253 1520 305 1605 in
332 1521 450 1606 salsis
480 1522 609 1638 pastis
634 1525 763 1614 sudor
788 1523 834 1607 in
863 1522 969 1607 villo
996 1501 1140 1605 salinis
1170 1518 1320 1605 atomis
1342 1520 1586 1624 efflorescit,
1623 1544 1670 1606 ut
1694 1494 1834 1607 etiarnx
1846 1552 1949 1606 oves

257 1695 310 1758 et
347 1675 540 1789 capellae
567 1677 811 1760 cubantium
832 1678 971 1803 'vellus
998 1677 1207 1772 lambant,
1246 1694 1292 1756 et
1316 1672 1417 1757 inde
1441 1678 1609 1760 crebras
1643 1674 1947 1791 Aegagropilaa
2082 1674 2086 1683 ’

253 1823 305 1911 in
340 1826 600 1928 ventri-culo,
645 1857 700 1910 ex
743 1829 950 1941 deglutire
989 1829 1097 1914 villo
1136 1849 1354 1941 generent.
1424 1826 1804 1946 Adpropi'nquante
1847 1836 1950 1913 vere

248 1977 529 2092 (Februario,
558 1978 736 2085 Martio,
766 1982 928 2097 Aprili)
957 1982 1162 2098 pruriunt.
1219 1988 1339 2088 Tunc
1368 2011 1502 2065 mares
1531 1982 1753 2085 acerrima,
1790 1983 1864 2064 sed
1893 1978 1947 2063 ri·

250 2119 400 2216 dicun
428 2161 566 2245 pugna
592 2133 777 2218 interae
806 2138 860 2220 de
895 2133 1077 2251 primatu
1112 2156 1294 2237 certant,
1337 2164 1463 2248 quam
1491 2163 1674 2249 pugnam
1701 2117 1946 2222 Calmucco·

247 2315 348 2371 rum
377 2314 572 2399 proceres
599 2286 813 2374 interdum
842 2287 974 2372 animi
1002 2317 1124 2372 causa
1151 2287 1418 2374 committere
1446 2289 1596 2373 solent.
1670 2295 1871 2374 Furentes
1899 2309 1945 2372 et

247 2466 329 2522 ore
359 2460 597 2551 spumantes
624 2437 737 2524 inter
765 2471 809 2524 se
838 2463 1089 2527 concurrunt
1117 2439 1365 2540 adversarii,
1395 2442 1583 2555 alterque
1608 2421 1779 2525 alterius
1800 2440 1946 2555 gibbe-

249 2618 301 2674 re
329 2588 537 2674 anteriore
568 2591 780 2677 mordicus
807 2591 1095 2710 apprehenso,
1132 2592 1283 2678 anticis
1323 2591 1502 2708 pedibus
1541 2594 1771 2678 colluctare
1811 2614 1854 2677 et
1881 2622 1944 2677 se·

246 2739 442 2827 invicem
467 2740 514 2825 in
542 2765 698 2829 terram
725 2767 988 2861 prosternere
1016 2745 1228 2851 nituntur,
1269 2776 1356 2860 quo
1392 2743 1592 2829 conflictu
1620 2724 1751 2861 ¹saepe
1776 2747 1852 2846 -fit,
1895 2765 1945 2828 ut·

250 2894 327 2979 rel
356 2897 511 3012 pedem
539 2898 750 3011 frangant,
791 2892 861 2983 vel
887 2922 1114 3014 prostratus
1144 2901 1251 2984 alter
1280 2932 1303 2982 a
1330 2898 1491 2982 victore
1519 2897 1699 3013 pedibus
1726 2895 1945 3013 proculce-

248 3068 341 3148 tur,
384 3078 470 3133 non
498 3030 589 3133 sine
618 3053 812 3153 vulnere,
855 3049 937 3135 nisi
976 3075 1135 3136 mature
1165 3030 1463 3139 distrahantur.
1533 3058 1708 3167 Propter
1734 3047 1812 3135 hos
1839 3079 1942 3135 con-

249 3184 391 3287 flictus
418 3203 634 3286 Nomades
661 3230 714 3287 eo
740 3223 932 3317 tempore
960 3203 1007 3287 in
1037 3203 1201 3289 diversa
1235 3235 1389 3321 pascua
1422 3205 1637 3288 deducunt
1658 3232 1806 3288 mares.
1849 3209 1942 3285 Ine·

248 3374 327 3444 unt
352 3351 400 3434 in
427 3381 566 3466 genua
592 3356 895 3469 procumbente
924 3356 1110 3441 foemina
1138 3380 1181 3440 et
1209 3358 1353 3443 auxilo
1381 3353 1560 3471 pastoris
1586 3385 1690 3471 opus
1711 3374 1775 3437 est
1801 3382 1939 3467 super·
2056 3395 2059 3405 Α

252 3502 446 3600 venienti
474 3504 599 3610 mari,
638 3505 712 3622 qui
739 3507 813 3592 diu
840 3530 1046 3623 operatur.
1076 3554 1079 3560 Δ
1104 3512 1201 3595 Post
1229 3539 1494 3623 congressum
1517 3507 1726 3592 foeminae
1747 3508 1822 3589 sub
1844 3535 1940 3589 cau·

248 3657 306 3745 da
320 3655 461 3741 'cento
490 3657 793 3773 qualiscunque
822 3660 1096 3776 appenditur,
1135 3692 1188 3745 ne
1231 3665 1370 3747 denuo
1410 3660 1595 3759 ineatur3
1637 3659 1674 3744 si
1707 3687 1807 3742 vero
1843 3678 1940 3772 post

251 3807 440 3922 elapsam
481 3809 761 3926 septimanam
802 3811 979 3898 liberata
1022 3799 1161 3900 denuo
1183 3790 1393 3898 *admittat
1429 3843 1608 3915 marem,
1650 3812 1816 3925 signum
1851 3832 1936 3916 est,

251 3952 337 4043 non
365 3963 631 4081 concepisse,
660 3966 888 4051 etiterum
914 3997 991 4081 per
1019 3996 1205 4052 mensem
1235 3990 1399 4054 arcetur
1419 3968 1471 4051 ab
1492 3964 1748 4051 admissario.
1807 3965 1940 4076 Quin·

250 4102 396 4197 decim
426 4117 637 4200 mensibus
664 4118 881 4204 lunaribus
909 4143 1029 4204 utero
1056 4119 1185 4233 gerit,
1214 4105 1324 4206 anno
1352 4123 1481 4206 laetat
1509 4118 1753 4217 hinnulum,
1792 4093 1938 4202 tertio

248 4291 335 4381 que
364 4265 506 4372 denuo
533 4268 703 4383 impleri
731 4273 903 4388 patitur.
971 4277 1081 4356 Tota
1115 4275 1202 4356 fere
1239 4273 1328 4357 vita
1355 4274 1464 4388 parit
1493 4271 1697 4371 foemina,
1741 4264 1936 4350 admissa·

250 4414 338 4501 rius
354 4416 465 4533 post
492 4421 745 4539 vigesimum
773 4457 927 4512 annum
956 4424 1031 4511 vix
1068 4424 1217 4540 gignit.
1282 4425 1489 4510 Hinnulus
1516 4421 1732 4507 sexennio
1768 4416 1933 4521 crescit,

249 4565 364 4653 trivit
390 4572 499 4657 ultra
528 4577 906 4692 quadragesimum.
970 4582 1174 4665 Nondum
1202 4578 1399 4664 anniculo
1426 4552 1479 4662 et'
1498 4575 1635 4662 adhuc
1664 4569 1839 4658 lactanti
1866 4599 1935 4654 na-

249 4750 320 4808 sus
350 4726 479 4812 clavo·
503 4728 991 4847 lingneo'pertunditur,
1029 4758 1072 4819 et
1100 4741 1188 4842 janr
1207 4757 1310 4818 tunc
1339 4735 1557 4827 domatur,
1585 4750 1633 4811 ut
1658 4727 1950 4843 procumbere·

251 4877 307 4961 ad
336 4898 487 4966 nutum
510 4903 559 4966 et
586 4912 763 4992 vocem,
798 4884 993 5006 itemque
1023 4917 1201 5006 surgere·
1224 4885 1379 4991 diacatg
1419 4887 1543 4971 dorso
1570 4881 1708 4967 etiam·
1728 4878 1935 4995 gradatim

1475 5047 1497 5092 ⁸
