4410 5910
1008 399 1174 459 ΕΞ
1844 402 1933 486 199

409 596 547 695 daari,·
575 592 763 682 Buraetis
793 592 972 683 Buten·
1015 597 1227 713 Tungusis
1264 601 1318 686 ad
1353 597 1566 686 Baicalem
1604 599 1744 685 lacurn
1773 603 1936 703 Honde,

410 754 464 837 ad
489 759 649 837 Lenam
677 753 897 867 Dshe‘bija3
926 753 1018 833 Mas
1044 755 1298 856 Milstscban,
1330 757 1538 872 Moelzijan
1559 753 1928 842 velMoebidsbbn.

405 902 649 989 Sinensibus
676 879 1021 1017 Hiong-tscbong
1048 927 1092 990 et
1122 908 1294 1023 Jebijab.
1365 903 1482 990 Indis
1510 909 1932 1024 Kaesturija-mirgoe

408 1061 683 1168 (Messena.)
739 1052 942 1168 Tangutis
969 1059 1118 1161 Alatb,
1150 1088 1238 1142 mas
1268 1058 1374 1155 Lao,
1403 1056 1563 1141 femina
1590 1062 1681 1141 Lao
1707 1060 1778 1142 vel
1808 1063 1926 1146 Gloa.

376 1207 552 1293 Animal
593 1206 810 1325 proprium
852 1229 896 1290 et
946 1207 1160 1328 peculiare
1189 1241 1339 1326 magno
1365 1215 1465 1326 jugo
1495 1207 1687 1325 alpestri‚
1733 1213 1846 1324 quod
1875 1214 1931 1298 ab

234 1359 410 1446 Altaica
437 1362 538 1446 inde
568 1381 715 1445 catena
741 1359 857 1444 inter
882 1363 1007 1446 Indos
1035 1384 1078 1445 et
1107 1361 1308 1447 Sibiriam
1344 1391 1476 1477 usque
1512 1362 1565 1446 ad
1601 1358 1720 1444 Sinas
1763 1362 1928 1448 univer-

234 1544 325 1597 sam
351 1512 603 1599 orientalem
630 1511 758 1598 Asiae
788 1511 1078 1598 continentem
1119 1515 1316 1629 pervadit
1356 1537 1399 1599 et
1440 1514 1611 1598 flumina
1657 1520 1745 1628 ejus
1786 1546 1928 1600 versus
2052 1599 2056 1605 .

235 1696 415 1750 oceanos
444 1665 661 1769 Indicum,
690 1664 897 1751 orientale
927 1689 971 1750 et
997 1665 1178 1781 glaciale
1205 1666 1383 1754 dirimit.
1454 1668 1632 1769 Celebre
1661 1669 1716 1751 ob
1745 1668 1926 1782 fragran-

230 1816 340 1902 tiam
368 1840 412 1902 et
442 1817 627 1903 medicas
656 1818 833 1902 virtutes
869 1817 1066 1903 nervinas
1108 1818 1309 1904 materiae
1351 1817 1397 1904 in
1439 1819 1630 1906 folliculo
1670 1818 1925 1934 praeputiali

227 1969 360 2056 maris
388 1972 584 2070 collecti,
611 1972 686 2055 sed
715 1971 923 2085 cujusvis
952 1994 996 2055 et
1024 1971 1249 2086 fragrantia
1276 1977 1322 2055 in
1351 1971 1590 2057 borealibus
1609 1970 1760 2056 nostris
1783 1971 1925 2057 Casto·

227 2157 306 2214 reo
335 2124 517 2211 similior
543 2146 587 2207 et
629 2123 786 2208 virtute
822 2123 1034 2210 Tibetano
1071 2126 1196 2239 longe
1239 2122 1369 2210 cedit.
1440 2131 1555 2209 Intra
1598 2121 1778 2209 Sibiriae
1822 2124 1927 2206 fines

226 2279 335 2366 inde
366 2311 388 2362 a
417 2276 604 2363 fontibus
631 2275 719 2362 Obi
747 2279 845 2361 fluv.
874 2308 1016 2362 versus
1046 2276 1252 2362 orientem
1280 2275 1326 2360 in
1356 2276 1604 2390 alpestribus
1632 2279 1827 2389 frequens
1856 2302 1943 2356 ca··

224 2432 368 2551 pitur,
398 2459 563 2545 semper
590 2431 849 2529 maculosus,
876 2442 933 2515 'ut
959 2429 1082 2515 icone
1110 2458 1205 2515 mea
1232 2459 1474 2544 expressum
1503 2452 1579 2514 est.
1644 2435 1701 2527 In⁴
1723 2425 1923 2512 arcticam

223 2588 400 2703 plagam
436 2605 479 2668 et
516 2581 855 2670 Camtschatcam
882 2615 967 2670 non
1001 2582 1199 2669 excurrit.
1267 2585 1614 2698 Monographiam
1641 2612 1739 2665 cum
1767 2581 1921 2664 Anato-

222 2769 295 2823 me
324 2761 368 2821 et
396 2742 565 2823 historio
593 2735 786 2823 animalis
814 2734 1136 2855 elegantissimi,
1167 2737 1241 2819 sed
1268 2712 1563 2840 indomabilis,
1593 2734 1695 2820 dedi
1716 2735 1762 2819 in
1792 2736 1923 2851 spici·

220 2897 431 3004 legiorum
459 2891 619 2975 Fascio.
646 2892 764 2973 XIH.
793 2888 854 2975 ita
883 2891 1137 2987 absolutam,
1164 2908 1212 2970 ut
1239 2883 1353 2972 nihil
1381 2889 1536 2973 addere
1564 2884 1639 2974 hic
1665 2887 1842 3002 possim,

366 3143 410 3226 N
418 3161 519 3227 oto.
574 3141 717 3228 Etiam
744 3141 997 3231 recentiores
1026 3145 1079 3229 de
1107 3141 1289 3230 Moscho
1314 3140 1542 3228 relationes
1568 3141 1721 3227 fabulis
1742 3163 1828 3227 non
1849 3121 1922 3227 de·

214 3292 418 3398 stimme,
449 3316 495 3378 ut
522 3326 563 3381 v.
593 3325 653 3409 gr.
680 3299 898 3382 Memoires
925 3310 1166 3383 concernunt
1185 3302 1403 3400 l'bistoire,
1428 3302 1488 3381 les
1508 3297 1711 3395 Sciences,
1738 3302 1797 3380 les
1819 3312 1919 3397 arts',

212 3458 288 3538 les
316 3476 494 3552 moeurs,
521 3454 581 3533 les
607 3479 773 3562 usagcs,
801 3468 877 3534 etc.
907 3451 978 3538 des
1006 3454 1192 3553 Chinois,
1223 3479 1300 3565 par
1326 3454 1385 3533 les
1405 3450 1686 3534 Missionoircs
1705 3448 1755 3533 de
1776 3449 1918 3533 Peleia.

217 3602 351 3686 Tom.
379 3603 451 3684 IV.
481 3603 630 3712 (Pcn's.
667 3615 781 3714 1778.
811 3607 916 3712 ato).
942 3607 1159 3717 Lemery'
1186 3603 1399 3718 quondam
1420 3598 1610 3715 prodidit
1630 3586 1806 3686 odorem
1826 3600 1920 3686 Mo·

212 3750 322 3840 achi
351 3783 495 3839 verum
529 3752 707 3872 produci
742 3752 935 3841 collectis
962 3753 1010 3842 in
1036 3788 1166 3842 unum
1194 3755 1399 3840 nodulum
1428 3749 1608 3839 Galbani
1635 3773 1680 3835 et
1708 3750 1917 3870 Sagapeni
1948 3798 1953 3805 ·

210 3909 273 3991 aa
310 3905 547 4014 semilibra,
589 3931 633 3996 et
668 3906 843 3996 seorsim
871 3908 1035 4022 adjecta
1061 3907 1262 4025 Asphalti
1304 3906 1523 3993 semilibra
1564 3924 1610 3989 et
1645 3906 1918 4022 Opoponac'is‘

208 4057 363 4146 unciis
391 4082 566 4176 quatuor
596 4067 723 4176 (Hist.
753 4063 803 4146 de
836 4063 999 4146 l’Acod.
1039 4062 1091 4148 de
1123 4064 1267 4159 Paris,
1307 4076 1423 4171 2706.
1461 4094 1501 4175 p.
1533 4061 1596 4166 6.)
1654 4059 1915 4170 Unguentum

202 4243 237 4300 e
275 4208 460 4299 Moscho
485 4238 530 4299 et
556 4218 652 4302 oleo
680 4242 877 4333 expresso
904 4212 1027 4297 nucis
1061 4210 1304 4296 moschatae
1338 4209 1516 4326 genitali
1555 4207 1776 4294 inunctum
1815 4236 1917 4294 rere

198 4360 361 4453 irritat
389 4392 536 4453 sexum
564 4369 827 4484 sequiorem,
854 4387 900 4449 ut
929 4361 1217 4448 sensibiliores
1244 4394 1380 4480 paene
1407 4364 1455 4448 in
1482 4364 1667 4446 furorem
1692 4383 1811 4474 agat,
1839 4362 1916 4449 diu

196 4518 490 4621 duraturum,
518 4525 649 4609 semel
678 4522 784 4610 licet
810 4514 1072 4605 adhibitum.
1123 4522 1218 4602 Nec
1248 4516 1294 4603 in
1323 4515 1487 4631 frigidis
1518 4515 1678 4600 effectu
1702 4537 1832 4601 caret.
