4410 5910
249 442 342 526 310
1007 431 1154 488 a

258 678 276 737 ,a
391 645 442 726 In
468 639 691 756 regionum
714 639 825 757 ultra
854 632 1068 721 Baicalem
1107 631 1247 717 lacum
1285 628 1459 717 sitarum
1481 627 1664 716 ,arbustis
1689 649 1736 714 et
1763 629 1944 717 nemori·

250 788 331 916 bus
357 824 443 877 non
471 791 747 903 infrequens
779 811 905 875 cantu
932 784 1054 872 brevi
1082 785 1156 870 sed
1184 782 1505 882 amoenissimo,
1532 782 1787 899 praesertim
1813 804 1944 866 matu·

252 943 347 1086 tino
374 966 420 1030 et
445 945 498 1026 ab
526 970 677 1026 occasu
705 939 805 1023 solis
833 942 887 1023 ad
915 935 1100 1022 mediam
1127 957 1299 1019 noctem
1339 964 1382 1019 se
1409 935 1722 1019 commendans.
1794 937 1946 1016 Forma

255 1093 406 1196 rostri,
447 1090 686 1191 coloribus,
731 1086 882 1174 habitu
910 1085 1097 1203 corporis
1125 1108 1169 1170 et
1196 1086 1329 1174 cauda
1356 1083 1608 1169 cuneiformi
1636 1081 1823 1196 aliquam
1849 1111 1947 1168 cum

255 1240 434 1328 Certhia
473 1237 671 1324 familiari
711 1236 1039 1323 similitudinem
1079 1232 1308 1350 exprimit,
1350 1237 1423 1319 sed
1465 1233 1651 1318 moribus
1693 1231 1945 1318 diversiset

255 1389 500 1476 charactere
541 1387 773 1479 Motacillis
814 1387 1080 1473 assimilatur.
1134 1385 1320 1499 Sagittae
1359 1385 1491 1469 instar
1531 1383 1647 1467 volat
1684 1404 1728 1465 et
1763 1382 1812 1466 in
1840 1383 1945 1467 locis

255 1538 524 1653 salsuginosis
552 1536 673 1621 humi
699 1538 808 1650 legit
847 1537 1010 1622 semina
1035 1560 1081 1622 et
1108 1535 1354 1651 praesertim
1395 1536 1589 1624 Carabos.
1657 1534 1794 1620 Nidus
1821 1559 1945 1647 saepe

254 1686 404 1787 humi,
433 1690 486 1772 ad
516 1689 683 1772 arbores
711 1689 773 1791 4'2
804 1688 1035 1790 diametro,
1065 1717 1090 1771 e
1118 1685 1292 1802 copioso
1320 1686 1471 1785 foeno,
1499 1683 1698 1797 foliisque
1719 1681 1944 1770 herbarum

255 1839 387 1953 rlense
414 1859 663 1936 contextus,
703 1837 821 1952 pelvi
847 1840 1077 1952 profunda,
1119 1836 1407 1921 Bonasiarum'
1428 1834 1606 1946 aliisque
1632 1833 1818 1949 plumis,
1857 1858 1945 1919 tum

256 1988 359 2104 pilis
399 1986 593 2072 vitulinis
635 2010 678 2071 et
721 1988 817 2073 lana
853 1987 986 2073 ovilla
1012 2009 1175 2073 stratus.
1243 1988 1381 2073 Ouala
1408 2002 1449 2091 4.
1479 1986 1680 2100 plurave,
1720 1984 1948 2084 albissima,

105 2159 106 2163 ’
256 2131 446 2253 pondere
475 2153 637 2224 ao=a5.
665 2164 898 2250 grmorumz
943 2155 962 2180 “·
1671 2191 1676 2204 ·

130 2274 137 2283 ’
266 2358 271 2366 ·
396 2291 573 2381 Descr.
641 2290 890 2400 Magnitudo
931 2285 1158 2403 Spipolao,
1201 2293 1275 2375 sed
1312 2287 1443 2377 facies
1470 2287 1611 2403 potius
1638 2289 1945 2403 praecedentis.

257 2440 452 2522 Rostrum
467 2441 796 2565 submouerunt,
826 2441 1015 2537 fuscum,
1044 2442 1098 2524 ad
1127 2439 1293 2553 apicem
1320 2460 1464 2525 tamen
1491 2439 1688 2553 utrinque
1714 2440 1947 2553 emargina-

256 2596 377 2689 tums
418 2585 593 2674 maxilla
634 2586 834 2674 inferiore
876 2589 1034 2676 albida.
1103 2591 1183 2676 Pur
1210 2589 1477 2676 subtilissimi
1502 2620 1624 2703 supra
1647 2587 1735 2673 oris
1763 2592 1948 2703 angulos·

256 2735 320 2821 Os
346 2734 457 2819 intus
478 2734 638 2849 pallide
664 2741 832 2824 flavum.
887 2745 1051 2853 Lingua
1077 2739 1207 2825 bifida
1233 2740 1385 2826 lacera.
1443 2743 1484 2825 V
1480 2761 1592 2826 ertex
1613 2735 1848 2852 nigricans,
1874 2739 1946 2826 vix

257 2885 353 2975 oris,
371 2885 611 2999 plumarum
646 2886 830 3003 pallidis.
892 2894 1124 3004 Supercilio
1162 2887 1336 3005 pallida.
1406 2893 1488 2977 Pili
1526 2889 1690 3006 aliquot
1728 2887 1947 2975 tenerrimi

257 3057 382 3124 extra
408 3035 573 3152 plumas
598 3037 765 3128 nuchae
792 3040 1059 3154 prominent,
1101 3052 1162 3140 ut'
1189 3039 1236 3124 in
1278 3044 1339 3124 M.
1368 3041 1608 3156 campestri.
1677 3043 1834 3127 emta
1860 3043 1948 3126 slor-

259 3214 428 3303 sumque
447 3217 632 3303 grysea,
662 3189 802 3278 lituris
828 3189 1160 3303 nigricantibus,
1190 3211 1238 3273 ut
1264 3189 1312 3274 in
1341 3192 1546 3276 affinibus.
1602 3195 1712 3280 Gula
1738 3213 1785 3276 et
1812 3211 1949 3306 pectus

258 3335 384 3437 albas
418 3344 611 3455 jugulum
650 3340 861 3457 pallidum
893 3339 1062 3454 punctis
1088 3339 1409 3426 obsoletissimis
1435 3341 1628 3429 cinereis.
1699 3345 1950 3456 Hypoclron·

256 3486 355 3597 (bia
379 3486 513 3599 magis
540 3504 710 3604 grysea.
739 3494 1025 3606 ·Uropygr'um
1050 3490 1259 3576 lutescens
1273 3554 1305 3592 ,.
1325 3491 1667 3596 immaculatum,
1713 3493 1825 3580 item
1861 3494 1950 3581 sub-

258 3636 457 3729 οαιιῶαὶει
485 3637 607 3751 spice
621 3643 780 3740 albae'r
810 3662 855 3729 at
881 3640 1079 3726 testrices
1106 3643 1265 3727 caudae
1292 3642 1431 3727 lituris
1450 3643 1581 3756 nigris
1602 3666 1789 3729 notatae.
1845 3648 1950 3731 Aac

259 3781 543 3905 nigricantes,
580 3789 735 3903 pannis
773 3788 965 3911 margine
993 3816 1048 3874 ex
1075 3790 1443 3906 albida-gryseis,
1495 3796 1638 3879 subtus
1679 3793 1776 3879 basi
1817 3795 1947 3881 albus.

258 3934 410 4018 Gauda
438 3940 682 4041 rotundatu,
712 3941 801 4023 fere
831 3939 1122 4044 cuneiformis,
1153 3940 1303 4054 pennis
1332 3942 1448 4050 latia,
1479 3944 1691 4081 medios.
1720 3944 1864 4048 fuscis,
1891 3951 1947 4031 lo·

257 4085 455 4171 letalibus
495 4087 774 4202 nigrioribus,
814 4111 906 4174 toto
918 4088 1066 4202 apice
1109 4089 1229 4175 albis.
1296 4093 1425 4178 Pedes
1465 4069 1648 4180 corneo·
1661 4098 1945 4196 flavescentes,

259 4263 394 4344 urrgue
420 4222 603 4350 postibsi'
615 4239 903 4355 longiusculo,
945 4234 1020 4323 sed
1047 4239 1215 4326 falcato.
1273 4244 1438 4327 Pondus
1464 4242 1679 4331 semuncia
1708 4255 1868 4360 majus,
1898 4244 1947 4328 acl

260 4382 524 4481 θιάῐαοίιω.
549 4404 694 4509 usque.
751 4395 945 4477 Mensura
974 4394 1029 4479 ad
1054 4421 1173 4506 urop.
1202 4394 1263 4477 δ”.
1251 4393 1357 4500 ..'‘.9
1334 4395 1628 4481 caudaea'ss
1648 4397 1826 4483 extimis
1852 4425 1947 4512 pen·

257 4529 325 4617 nis
361 4539 415 4627 tsi·
420 4538 517 4623 δ”.
546 4540 707 4627 alarum
730 4566 1014 4655 expansarum
1051 4546 1112 4652 7‘'.
1143 4543 1215 4650 9⁰.
1190 4544 1457 4628 'ulstnaea
1487 4547 1559 4631 5‘'‘.
1598 4545 1725 4631 rostri
1760 4551 1817 4635 ad
1842 4549 1945 4632 fron·

258 4687 1941 4815 tsn5''{.sdfxaanumatibiamm''10‘.·Digitiansinmedii(c..ung.u”·)

124 4842 135 4857 ’
258 4831 347 4938 blm·
335 4835 1100 4960 0postici(cumungue31'''.''',)6
1228 4855 1435 4955 ,.,·.;ι
1505 4910 1529 4928 ,,
