4410 5910
368 457 419 612 Χ.

368 752 477 838 tarn,
515 732 797 845 simulvero
831 742 976 815 totam
1011 727 1179 813 elatam
1217 742 1264 812 et
1300 725 1543 843 alpestrem
1557 753 1573 837 ;
1611 755 1747 843 qnam
1784 728 1832 815 in
1870 720 2062 820 univer-⁴

368 934 467 997 sum
504 904 710 992 Sibiriam
745 901 1011 990 orientalem
1050 900 1298 1014 appelabo.
1389 900 1463 988 Ab
1501 902 1590 986 hoc
1627 901 1751 988 elato
1770 919 1819 988 et
1845 923 2057 991 montano

369 1083 463 1168 situ
515 1075 690 1197 pendet
725 1103 786 1164 ex
826 1090 955 1190 parte
1008 1071 1350 1158 orientaliorum
1405 1075 1643 1194 regionum
1697 1070 1877 1197 frigus3
1950 1077 2060 1164 inde

369 1251 562 1342 mutatio
609 1249 720 1352 soli,
784 1249 1044 1364 plantarum
1090 1245 1271 1332 diversa
1317 1248 1587 1366 progenies,
1654 1246 1867 1335 animalia
1915 1251 2064 1338 multa'

368 1422 626 1544 peculiaria
661 1421 774 1509 huic
810 1419 1017 1506 ulteriori
1054 1416 1267 1522 Sibiriae,
1303 1447 1421 1535 quae
1458 1415 1709 1507 Gmelino
1746 1440 2062 1536 persuaserant

370 1597 428 1688 ad
463 1596 680 1685 Jeniseam
719 1591 859 1681 Asiae
894 1592 1005 1679 sines
1040 1564 1256 1679 Naturam
1291 1594 1517 1709 posuisse,
1607 1593 1658 1680 ln
1694 1620 1860 1714 genere
1886 1607 2064 1684 monta·'

370 1798 458 1860 nae
495 1769 729 1889 regiones,
775 1794 868 1883 quo
904 1764 1130 1853 borealior
1166 1784 1214 1853 et
1249 1763 1458 1886 frigidior
1494 1793 1707 1884 quaeque
1743 1784 1835 1866 est,
1873 1796 1929 1855 eo
1968 1796 2062 1857 ma·

368 1945 440 2067 gis
477 1940 623 2059 sylvis
660 1938 884 2042 abundat,
947 1966 1067 2055 quae
1102 1939 1232 2054 ipsae
1269 1942 1502 2027 humorem
1541 1959 1588 2026 et
1624 1940 1768 2060 frigus
1805 1956 1977 2062 augent
2012 1960 2063 2029 et

368 2112 745 2205 inclementiores.
788 2111 1073 2244 irriguaeque
1129 2114 1211 2198 has
1264 2130 1404 2199 terras
1458 2113 1672 2200 reddunt.
1781 2111 1919 2200 Immo
1960 2129 2061 2200 tota

367 2287 464 2378 fere
509 2286 712 2376 borealis
756 2285 899 2403 plaga
944 2282 1135 2371 Sibiriae
1180 2312 1209 2372 a
1252 2279 1397 2373 Cama
1433 2283 1478 2374 fl.
1528 2286 1586 2373 ad
1627 2286 1795 2373 Lenam
1841 2287 2063 2377 continua

367 2462 503 2580 sylva
556 2477 659 2571 est;
731 2456 901 2545 arction
953 2484 1064 2542 vero
1113 2483 1215 2562 ora,
1278 2457 1360 2545 ubi
1405 2460 1539 2575 sylva
1586 2486 1831 2580 exsurgere
1876 2463 2056 2579 nequit,

366 2636 493 2725 nuda
545 2649 594 2720 et
647 2657 851 2719 muscosa
905 2631 1066 2747 palus,
1138 2631 1224 2718 vix
1278 2631 1336 2718 ad
1386 2633 1644 2749 spithamae
1697 2632 2060 2753 profunditatem

368 2827 542 2901 aestate
595 2807 908 2927 degelascens.
1024 2801 1128 2891 Hae
1175 2824 1330 2920 partes
1384 2805 1661 2896 insectorum
1710 2825 1758 2894 et
1802 2806 2061 2924 Reptilium

363 2981 621 3104 proventui
656 3007 816 3096 parum
850 2977 1013 3066 favent
1048 2993 1096 3063 et
1131 2980 1304 3067 habent
1339 2979 1633 3097 paucissimas
1670 2979 1860 3096 species.
1936 2975 2061 3069 Con·

365 3174 436 3245 tra
471 3159 683 3265 maiorum
722 3152 987 3240 animalium
1023 3152 1340 3266 sylvestrium,
1405 3153 1654 3271 aviumque
1692 3170 1916 3271 exoptata
1953 3171 2060 3240 sunt

366 3330 539 3448 patria,
575 3329 642 3415 ita
678 3344 755 3427 ut,
790 3353 884 3446 quo
921 3324 1064 3445 magis
1101 3325 1160 3413 ad
1196 3329 1377 3413 boream
1414 3346 1461 3413 et
1497 3326 1735 3449 Orientem
1772 3327 2058 3444 processeris,

365 3518 569 3592 crescant
605 3502 765 3616 sylvae
802 3516 851 3587 et
884 3500 1099 3616 paludes,
1136 3518 1359 3620 augeatur
1398 3500 1593 3588 ferarum
1628 3503 1677 3588 in
1698 3501 1951 3588 solitudine
1988 3503 2059 3589 in·

368 3677 496 3765 culta
532 3702 745 3763 numerus
781 3690 830 3761 et
866 3671 1221 3793 migratoriarum
1258 3673 1438 3773 avium,
1489 3676 1754 3791 praesertim
1791 3701 1932 3792 aquas
1969 3677 2058 3765 fre·

368 3849 709 3970 queritantium,
746 3848 986 3937 tumultus.

449 4095 456 4106 .
544 4015 716 4109 Contra
759 4021 979 4110 australes
1023 4017 1241 4110 Tatariae
1286 4021 1462 4138 campi,
1526 4023 1693 4140 partim
1739 4023 2057 4111 herbidissimo

369 4195 573 4313 caespite
610 4195 744 4299 laeti,
779 4194 944 4312 partim
980 4194 1117 4299 nudi,
1155 4195 1287 4298 salsi,
1326 4214 1374 4282 et
1410 4195 1569 4282 ardore
1607 4197 1901 4315 reduplicato
1939 4195 2057 4282 Solis

368 4369 552 4471 torridi,
598 4396 688 4455 non
726 4371 872 4457 solum
908 4398 934 4456 e
972 4367 1218 4456 minoribus
1254 4366 1635 4487 quadrupedibus
1674 4373 1818 4458 multa
1854 4369 2059 4473 insolita,

372 4571 577 4659 avesque
613 4540 823 4630 calidiori
859 4544 992 4630 coelo
1030 4542 1260 4647 addictas,
1298 4543 1377 4631 sed
1416 4542 1638 4660 imprimis
1675 4543 1862 4631 insectis
1895 4545 2060 4658 pullu·

371 4717 494 4815 lant,
555 4742 746 4832 quornm
792 4742 882 4801 non
928 4715 1150 4834 exiguum
1199 4743 1433 4805 nnmeurm
1482 4742 1587 4804 cum
1634 4717 1761 4803 India
1810 4733 1857 4798 et
1903 4713 2060 4800 Africa

371 4916 653 4979 communem
699 4891 886 4976 habent.
993 4884 1095 4975 Hae
1132 4889 1413 4980 solitudines
1461 4889 1721 4978 cohortales
1758 4887 1977 4974 Locustae
2013 4901 2062 4969 et
