4410 5910
249 416 350 515 260
964 498 970 511 ,
1025 420 1173 475 ===

253 630 521 737 admissarios
548 634 636 719 dux
664 626 802 743 gregis
829 654 969 713 morsu
996 622 1141 741 pellit,
1184 644 1230 709 et
1267 650 1397 740 equas
1436 616 1663 741 Zelotypis
1689 646 1856 708 summ
1882 644 1951 703 cu-

253 790 401 881 stodit.
471 785 667 871 Flumina
706 811 856 895 magns
896 778 967 863 vel
1008 776 1273 894 Bosphorum
1311 798 1525 865 tranantes
1565 804 1712 893 greges
1760 772 1953 861 conferto

254 942 426 1058 agmine
459 942 668 1035 feruntur,
710 931 964 1051 posteriores
991 931 1132 1048 capita
1171 928 1520 1048 praecedentium
1547 926 1705 1017 lumbis
1729 926 1952 1042 imponen-

252 1117 336 1180 tes.
405 1095 475 1178 Ad
504 1093 618 1193 loca,
660 1089 735 1173 ubi
761 1086 852 1171 nati
880 1108 975 1171 sunt
1001 1082 1124 1201 equi,
1156 1074 1412 1200 ‘longissimo
1453 1113 1576 1169 cursu
1602 1077 1743 1169 redire
1773 1077 1953 1173 callent,

250 1246 364 1332 dicet
390 1245 537 1360 ignota
565 1242 654 1344 via,
684 1240 795 1325 miro
821 1238 1040 1323 irustinctu.
1145 1314 1148 1319 .

378 1432 385 1471 ·.
397 1404 441 1494 β.
470 1401 596 1511 Equi
595 1399 703 1506 feri
743 1391 790 1477 in
832 1388 1007 1495 desertis
1034 1386 1387 1478 totiusTatariae
1415 1416 1591 1505 magnae
1619 1409 1665 1474 et
1693 1380 1952 1499 Mongoliae,

260 1582 286 1636 a
310 1544 576 1663 Borysthene
597 1575 728 1661 usque
750 1545 1041 1630 adAlta'r‘cum
1060 1548 1224 1655 jugum,
1253 1571 1412 1658 perque
1433 1565 1567 1628 totam
1592 1536 1780 1627 mediam
1792 1532 1954 1631 Asiam,

258 1698 526 1787 Nomadibus
560 1719 725 1783 tantum
767 1699 1056 1810 frequentem,
1096 1692 1236 1808 parvis
1264 1695 1457 1811 gregibus
1500 1702 1612 1807 (raro
1655 1696 1711 1780 ad
1750 1688 1954 1807 quinqua

259 1853 400 1969 ginta)
430 1871 646 1963 vagantur.
703 1847 899 1964 Plerique
928 1871 1025 1933 sunt
1044 1856 1180 1935 colore
1201 1878 1352 1964 gryseo
1366 1900 1381 1913 ·
1396 1849 1513 1933 fusco
1533 1849 1603 1933 vel
1624 1844 1814 1963 pallido,
1843 1839 1951 1953 jubas

252 2005 355 2091 ¹loro
382 2002 518 2105 dorsi,
548 2003 765 2115 caudaque
793 2000 941 2104 fuscis,
970 2022 1105 2086 rostro
1134 1999 1300 2105 albido,
1346 1999 1460 2086 circa
1488 2029 1536 2086 os
1563 1994 1817 2112 nigricante.
1873 1986 1953 2075 ssi

249 2157 554 2244 immiscentur
581 2152 792 2247 variorum
820 2154 1010 2238 colorum
1036 2181 1169 2270 equae
1198 2185 1223 2238 a
1250 2150 1494 2237 domesticis
1521 2148 1716 2265 gregibus
1740 2172 1823 2264 per
1849 2142 1954 2228 feror

252 2303 528 2395 admissarius
558 2306 731 2388 abactae
759 2306 831 2388 vel
870 2304 1071 2393 allicitae.
1141 2309 1310 2392 Statura
1351 2326 1448 2389 sunt
1488 2303 1653 2389 minore
1694 2292 1952 2393 domesticis.

249 2466 398 2577 eapite
426 2462 604 2561 maiore,
634 2456 806 2562 pedibus
831 2457 1159 2571 procerioribus,
1203 2464 1400 2543 auriculis
1430 2457 1560 2572 paulo
1586 2451 1840 2567 majoribus,
1870 2440 1954 2561 api-

251 2639 312 2697 ·ce
339 2637 506 2694 summo
531 2606 720 2693 saltatim
757 2609 1018 2694 subreflexis.
1089 2613 1220 2696 Frons
1260 2607 1313 2692 iis
1359 2637 1482 2724 supra
1523 2606 1670 2697 oculos
1709 2596 1954 2699 convenior,

252 2790 360 2849 eum
383 2759 547 2845 vortice
569 2760 683 2843 inter
702 2761 867 2860 oculos;
900 2762 1091 2874 Unguloe
1115 2781 1374 2863 contractae,
1405 2752 1796 2874 subcylindraceae.
1851 2750 1958 2837 Iuba

251 2916 316 2999 ab
343 2912 569 2996 intervallo
596 2912 812 2996 oculorum
842 2914 894 2996 ad
923 2914 1131 3028 scapulas,
1161 2911 1301 2998 minus
1323 2909 1512 3029 prolixa,
1540 2911 1774 2995 suberecta.
1820 2908 1959 2991 Venas

255 3062 418 3178 hyeme
446 3060 629 3166 hirtum,
658 3062 813 3167 laxius,
843 3062 890 3147 in
919 3065 1043 3151 dorso
1072 3064 1409 3151 subundulatum.
1424 3112 1481 3131 -·
1509 3060 1659 3149 Gauda
1685 3052 1839 3175 parum
1865 3082 1958 3172 pro*

260 3214 364 3300 lixa.
419 3212 610 3299 Neunati
638 3213 875 3299 cicurantur
902 3215 1128 3314 facillime,
1158 3215 1290 3300 adulti
1321 3244 1549 3330 nunquam.
1562 3262 1621 3281 ·-
1641 3210 1830 3328 Fugiunt
1849 3206 1957 3293 min

252 3366 500 3470 eeleritale,
535 3389 591 3451 =et
630 3363 851 3450 hominem
879 3396 904 3450 e
932 3365 1167 3483 longinquo
1200 3366 1477 3452 reformidant
1505 3368 1682 3453 adverso
1708 3386 1843 3449 vento
1870 3388 1960 3477 per·

258 3541 447 3634 ceptum.
462 3570 511 3587 -
540 3517 806 3604 Nomadibus
843 3521 896 3603 ad
937 3518 1082 3605 cibum
1126 3521 1363 3605 laudantur.
1435 3525 1483 3602 In
1525 3521 1694 3603 deserto
1736 3517 1792 3601 ad
1833 3538 1961 3630 aquas

259 3671 464 3755 subsalsas
494 3672 719 3772 accedunt,
750 3698 903 3785 easque
930 3670 977 3756 in
1004 3695 1153 3787 potum
1175 3669 1395 3758 adhibent.
1451 3668 1624 3786 Apricis
1643 3691 1690 3755 et
1715 3662 1962 3783 campestri·

259 3824 338 3906 bus
365 3817 538 3906 clivosis
565 3822 768 3933 gaudent,
811 3823 950 3934 sylvas
993 3847 1039 3908 et
1081 3823 1292 3941 asperiora
1333 3822 1545 3909 montium
1584 3818 1766 3935 fugiunt.
1837 3820 1963 3907 Ultra

258 3992 518 4087 temperatos
545 3969 669 4073 situs,
708 3996 871 4085 gratum
900 3973 1071 4061 circiter
1098 3991 1224 4065 50¹¹¹¹⁸¹¹¹
1250 3975 1510 4080 latitudinis,
1558 3976 1612 4059 ad
1654 3976 1833 4059 boream
1875 3998 1962 4061 non

258 4147 500 4238 evagantur.
570 4125 642 4209 Ad
683 4153 810 4239 equas
852 4125 1107 4215 domesticas
1146 4127 1226 4213 feri
1267 4126 1503 4215 admissarii
1542 4122 1766 4227 accurrunt
1815 4148 1864 4213 et
1902 4124 1966 4211 itt

256 4303 383 4390 saepe
410 4272 674 4361 occiduntur.

395 4427 441 4509 N
445 4445 548 4511 ota.
605 4427 749 4514 Morbi
777 4431 888 4548 apud
918 4460 1048 4547 equos
1089 4454 1345 4548 spontaneos
1383 4455 1428 4529 et
1468 4434 1716 4519 Nomadmn
1752 4429 1965 4519 amuco·

256 4575 334 4663 vix
361 4576 443 4663 ulli
469 4579 756 4666 observantur.
826 4591 877 4669 ln
906 4585 1167 4690 domesticis,
1211 4610 1380 4703 praeter
1407 4608 1530 4671 notos
1571 4588 1762 4686 morbos,
1804 4584 1962 4703 hippo

257 4727 362 4814 lirhi
388 4759 513 4846 saepe
541 4732 588 4821 in
617 4735 855 4822 ventriculo
883 4761 1155 4853 generantur,
1197 4770 1244 4823 ro
1273 4742 1327 4824 ad
1358 4773 1408 4823 no
1439 4738 1648 4826 librarum¹
1668 4738 1859 4857 pondera
1889 4736 1960 4823 vel

250 4876 457 4987 minores,
486 4886 562 5001 qui
589 4912 686 4976 sant
711 4893 872 4980 Bezoor
898 4895 1148 4991 Germasdel
1175 4900 1411 4994 Persarum,
1459 4900 1495 4981 E
1523 4914 1624 4981 rena
1640 4916 1855 5011 ,equorum
1885 4887 1961 4977 ali·
