4410 5910
667 591 1536 753 1rvnnconns

390 901 579 1014 Rapaces
604 898 771 984 diurnas
801 934 824 983 a
851 904 1080 986 Linnaeo
1119 903 1363 1011 conjunctas
1403 893 1450 980 in
1490 888 1572 979 tria
1613 919 1770 1009 genera
1814 892 1951 1011 dispo,-

254 1082 354 1138 nere
383 1050 522 1137 visum
549 1074 632 1157 est,
675 1055 925 1138 tantundem
954 1050 1267 1138 characteribus
1296 1048 1480 1135 interae
1509 1044 1733 1150 distincta,
1778 1077 1830 1133 ac
1860 1049 1953 1132 Vul-

255 1227 383 1292 tures.-
412 1202 713 1291 Nobilissimos
740 1203 880 1320 primo
907 1207 1005 1291 loco
1032 1202 1178 1323 posui,
1205 1203 1432 1288 bellatores
1460 1201 1678 1298 Falcoaes,
1721 1222 1952 1313 sequantur

252 1358 418 1473 regiae,
464 1355 510 1440 vi
545 1388 617 1441 sua
652 1360 896 1443 tremendae
937 1358 1139 1474 Aquilae,
1182 1354 1420 1471 ultimoque
1455 1354 1552 1440 loco
1580 1372 1704 1436 erunt
1730 1349 1958 1439 inertiores

255 1509 348 1601 istis
374 1509 618 1625 Accipitves.

407 1663 604 1747 Falcones
639 1659 828 1747 omnium
871 1629 1077 1749 lacillime
1127 1661 1468 1774 distinguuntur:
1524 1676 1656 1742 rostro
1701 1654 1958 1741 brevissime

256 1817 442 1911 adunc0,
471 1815 525 1897 ad
554 1812 720 1927 apicem
748 1813 945 1931 utrinque
966 1814 1213 1917 bidentato,
1243 1812 1523 1928 respondente
1548 1806 1594 1891 in
1615 1805 1822 1894 inferiore
1845 1840 1955 1893 man

254 1966 402 2063 dibula
444 1963 641 2078 utrinque
686 1965 890 2068 incisura;
932 1999 1025 2052 cera
1067 1997 1222 2065 crassa,
1266 1963 1312 2048 in
1341 1961 1617 2078 quartarium
1645 1982 1871 2079 aperturae
1896 1991 1953 2047 ro

253 2120 431 2220 tondeo,
475 2115 636 2229 papilla
663 2117 709 2202 in
738 2119 881 2204 medio
906 2119 1189 2234 prominente.
1259 2115 1373 2201 Dein
1411 2113 1628 2234 proprium
1657 2110 1727 2197 his
1756 2136 1824 2198 est
1851 2115 1952 2228 digi-

255 2293 345 2359 tum
371 2268 418 2352 in
445 2266 626 2383 pedibus
655 2271 929 2369 exteriorem,
958 2274 1055 2357 laxa
1082 2272 1210 2386 plica,
1226 2273 1456 2367 adnexum,
1493 2263 1767 2352 transversim
1796 2289 1950 2352 extror·

254 2452 349 2508 sum
378 2420 652 2534 detorquere,
688 2424 936 2539 praesertim
965 2455 1095 2540 quum
1124 2422 1290 2509 falculis
1317 2419 1608 2538 prehendunt,
1649 2416 1770 2503 etin
1799 2448 1949 2534 genem

254 2571 418 2659 habent
444 2574 598 2682 digitos
627 2574 750 2659 valde
781 2578 1019 2691 elongatos,
1048 2578 1191 2660 subtus
1219 2574 1405 2660 verrucis
1434 2570 1725 2658 articularibus
1753 2571 1949 2688 insignes,

254 2747 301 2819 et
329 2724 503 2815 falculas
531 2753 628 2807 cum
656 2726 863 2811 tenuitate
888 2726 1160 2830 fortissimas,
1190 2730 1419 2842 elongatas.
1491 2726 1600 2810 Alae
1627 2746 1673 2809 et
1699 2727 1843 2813 cnudo
1869 2756 1949 2813 om·

256 2878 383 2975 nibus
410 2874 573 2992 rigidae
602 2899 645 2961 et
674 2878 915 2994 elongatae,
946 2882 999 2966 ad
1028 2878 1314 2965 velocissimos
1343 2878 1389 2965 in
1417 2891 1513 2964 aere
1541 2901 1679 2965 motus
1708 2881 1950 2995 adaptatam

255 2998 487 3162 pleraeque
517 3053 561 3115 et
588 3030 803 3116 altivolae.
864 3034 1116 3119 Nidulantnr
1139 3061 1309 3149 quoque
1337 3030 1384 3115 in
1412 3032 1497 3115 alto
1524 3051 1570 3115 et
1596 3054 1771 3116 cruenta
1798 3032 1952 3149 proedo

254 3183 427 3284 vivunt,
454 3183 691 3298 ignobilem
719 3182 864 3270 cibum
893 3209 1144 3270 aversantes.
1202 3182 1411 3270 Omnibus
1438 3190 1551 3268 color
1577 3181 1624 3266 in
1651 3184 1792 3299 prima
1817 3206 1950 3271 aetate

254 3333 494 3438 variabilis,
524 3338 636 3421 unde
666 3337 799 3421 multa
827 3339 938 3453 apud
967 3360 1156 3424 auctores
1187 3332 1390 3443 confusio.
1446 3335 1607 3446 Hyeme
1636 3335 1882 3452 demigrant
1907 3334 1947 3421 in

252 3508 508 3601 temperatas
550 3487 762 3601 regiones,
808 3488 986 3574 comites
1016 3487 1270 3603 migratoriis
1298 3487 1467 3588 avibus,
1509 3516 1607 3572 cum
1634 3488 1790 3604 quibus
1820 3512 1868 3575 et
1893 3516 1947 3575 re·

253 3612 386 3727 deunt
413 3641 467 3723 ad
494 3639 640 3724 solitos
667 3639 804 3737 nidos.
873 3643 945 3726 Ad
984 3652 1238 3729 venationem
1283 3637 1531 3756 praesertim
1557 3639 1721 3726 dociles
1750 3665 1869 3745 sunt,
1907 3660 1945 3726 et

252 3787 527 3903 praecipuum
554 3791 839 3904 spectaculum
866 3796 1072 3909 praebent
1101 3800 1147 3879 F.
1178 3796 1377 3906 Gyrfolco
1406 3815 1449 3879 et
1478 3802 1735 3906 peregrinus,
1765 3826 1851 3882 nec
1876 3792 1944 3881 mi·

251 3969 330 4025 nus
357 3970 434 4056 pro
462 3972 535 4027 sua
562 3942 771 4059 parvitate
800 3945 1067 4031 delectabilis
1095 3948 1290 4032 Aesalon.
1361 3944 1532 4062 Species
1573 3947 1809 4035 secundum
1844 3972 1942 4035 aets-

252 4111 341 4177 tem
371 4115 417 4178 et
442 4091 668 4179 varietates
697 4095 802 4182 mire
830 4097 1168 4214 multiplicarunt
1194 4122 1385 4184 auctores
1412 4121 1502 4183 tam
1529 4100 1788 4207 Falconum,
1824 4128 1940 4217 quam

253 4244 525 4360 accipitmm‚
555 4247 630 4331 sed
651 4248 842 4335 omnium
864 4249 1050 4336 maxime
1079 4255 1336 4338 Gmelinus
1363 4251 1409 4336 in
1437 4255 1669 4367 Syrtemate
1697 4257 1938 4343 Limawus

512 4517 595 4584 12.
684 4494 723 4582 F
749 4495 793 4586 A
821 4496 856 4587 L
883 4492 926 4588 C
953 4498 997 4588 O
1069 4487 1357 4622 Gyrfolco.
1415 4497 1560 4590 TAB.
1598 4498 1689 4591 III.

385 4694 434 4776 F.
475 4719 571 4775 cera
612 4689 875 4810 pedibusque
917 4697 1321 4808 coerulescentibus,
1364 4726 1540 4817 corpore
1581 4694 1932 4815 longimdimliter

251 4842 483 4944 mandato,
520 4842 678 4930 caudae
707 4842 828 4961 apice
856 4848 1093 4937 concolora.
