<?xml version="1.0" encoding="UTF-8"?>
<!DOCTYPE html PUBLIC "-//W3C//DTD XHTML 1.0 Transitional//EN"
    "http://www.w3.org/TR/xhtml1/DTD/xhtml1-transitional.dtd">
<html xmlns="http://www.w3.org/1999/xhtml" xml:lang="en" lang="en">
 <head>
  <title>
</title>
<meta http-equiv="Content-Type" content="text/html;charset=utf-8" />
  <meta name='ocr-system' content='tesseract 3.04.00' />
  <meta name='ocr-capabilities' content='ocr_page ocr_carea ocr_par ocr_line ocrx_word'/>
</head>
<body>
  <div class='ocr_page' id='page_1' title='image "./zoographiarosso01pallgoog_0587.png"; bbox 0 0 4410 5910; ppageno 0'>
   <div class='ocr_carea' id='block_1_1' title="bbox 1021 288 1941 399">
    <p class='ocr_par' dir='ltr' id='par_1_1' title="bbox 1021 288 1941 399">
     <span class='ocr_line' id='line_1_1' title="bbox 1021 288 1941 399; baseline 0.005 -25"><span class='ocrx_word' id='word_1_1' title='bbox 1021 288 1173 374; x_wconf 57' lang='grc' dir='ltr'><strong>ἐι-ὲ</strong></span> <span class='ocrx_word' id='word_1_2' title='bbox 1853 298 1941 399; x_wconf 70' lang='lat'><strong>325</strong></span> 
     </span>
    </p>
   </div>
   <div class='ocr_carea' id='block_1_2' title="bbox 255 509 1957 3831">
    <p class='ocr_par' dir='ltr' id='par_1_2' title="bbox 417 509 1954 943">
     <span class='ocr_line' id='line_1_2' title="bbox 417 509 1951 637; baseline -0.006 -26"><span class='ocrx_word' id='word_1_3' title='bbox 417 513 520 610; x_wconf 79' lang='lat' dir='ltr'><strong>liris</strong></span> <span class='ocrx_word' id='word_1_4' title='bbox 548 509 802 637; x_wconf 72' lang='lat' dir='ltr'><strong>Bos-turget</strong></span> <span class='ocrx_word' id='word_1_5' title='bbox 829 517 878 636; x_wconf 86' lang='lat' dir='ltr'><strong>(i.</strong></span> <span class='ocrx_word' id='word_1_6' title='bbox 907 533 945 625; x_wconf 74' lang='lat' dir='ltr'><strong>e.</strong></span> <span class='ocrx_word' id='word_1_7' title='bbox 975 525 1121 608; x_wconf 86' lang='lat' dir='ltr'><strong>Passer</strong></span> <span class='ocrx_word' id='word_1_8' title='bbox 1148 513 1323 632; x_wconf 68' lang='lat' dir='ltr'><strong>variusl.</strong></span> <span class='ocrx_word' id='word_1_9' title='bbox 1390 512 1628 608; x_wconf 83' lang='lat' dir='ltr'><strong>Calmutcis</strong></span> <span class='ocrx_word' id='word_1_10' title='bbox 1643 517 1951 630; x_wconf 65' lang='lat' dir='ltr'><strong>Bolsts&#39;c&#39;bevgda</strong></span> 
     </span>
     <span class='ocr_line' id='line_1_3' title="bbox 420 671 1954 792; baseline -0.004 -31"><span class='ocrx_word' id='word_1_11' title='bbox 420 676 633 792; x_wconf 85' lang='lat' dir='ltr'><strong>Mongolis</strong></span> <span class='ocrx_word' id='word_1_12' title='bbox 661 679 948 791; x_wconf 82' lang='lat' dir='ltr'><strong>Boldshumur.</strong></span> <span class='ocrx_word' id='word_1_13' title='bbox 1011 672 1219 787; x_wconf 88' lang='lat' dir='ltr'><strong>Tungusis</strong></span> <span class='ocrx_word' id='word_1_14' title='bbox 1255 673 1490 758; x_wconf 76' lang='lat' dir='ltr'><strong>Karbokon.</strong></span> <span class='ocrx_word' id='word_1_15' title='bbox 1554 671 1758 788; x_wconf 85' lang='lat' dir='ltr'><strong>Tangutis</strong></span> <span class='ocrx_word' id='word_1_16' title='bbox 1795 671 1954 756; x_wconf 65' lang='lat' dir='ltr'><strong>Wscht·</strong></span> 
     </span>
     <span class='ocr_line' id='line_1_4' title="bbox 420 823 1636 943; baseline -0.002 -31"><span class='ocrx_word' id='word_1_17' title='bbox 420 834 605 943; x_wconf 79' lang='lat' dir='ltr'><strong>tschu&#39;ng.</strong></span> <span class='ocrx_word' id='word_1_18' title='bbox 662 823 997 916; x_wconf 85' lang='lat' dir='ltr'><strong>Camtschadalis</strong></span> <span class='ocrx_word' id='word_1_19' title='bbox 1026 833 1073 935; x_wconf 89' lang='lat' dir='ltr'><strong>(a</strong></span> <span class='ocrx_word' id='word_1_20' title='bbox 1099 830 1225 936; x_wconf 86' lang='lat' dir='ltr'><strong>voce)</strong></span> <span class='ocrx_word' id='word_1_21' title='bbox 1259 824 1636 911; x_wconf 76' lang='lat' dir='ltr'><strong>Tache&#39;lotochtscb.</strong></span> 
     </span>
    </p>

    <p class='ocr_par' dir='ltr' id='par_1_3' title="bbox 257 972 1957 3343">
     <span class='ocr_line' id='line_1_5' title="bbox 391 972 1950 1096; baseline -0.001 -31"><span class='ocrx_word' id='word_1_22' title='bbox 391 980 471 1065; x_wconf 85' lang='lat' dir='ltr'><strong>Per</strong></span> <span class='ocrx_word' id='word_1_23' title='bbox 497 1009 668 1066; x_wconf 90' lang='lat' dir='ltr'><strong>omnem</strong></span> <span class='ocrx_word' id='word_1_24' title='bbox 698 981 892 1066; x_wconf 81' lang='lat' dir='ltr'><strong>Rossiam</strong></span> <span class='ocrx_word' id='word_1_25' title='bbox 907 1048 912 1056; x_wconf 95' lang='lat'><strong>.</strong></span> <span class='ocrx_word' id='word_1_26' title='bbox 928 1000 973 1063; x_wconf 85' lang='lat' dir='ltr'><strong>et</strong></span> <span class='ocrx_word' id='word_1_27' title='bbox 1007 976 1210 1064; x_wconf 82' lang='lat' dir='ltr'><strong>Sibiriam</strong></span> <span class='ocrx_word' id='word_1_28' title='bbox 1236 977 1284 1064; x_wconf 87' lang='lat' dir='ltr'><strong>in</strong></span> <span class='ocrx_word' id='word_1_29' title='bbox 1311 976 1613 1094; x_wconf 77' lang='lat' dir='ltr'><strong>campestribus</strong></span> <span class='ocrx_word' id='word_1_30' title='bbox 1640 972 1950 1096; x_wconf 85' lang='lat' dir='ltr'><strong>temperatiori·</strong></span> 
     </span>
     <span class='ocr_line' id='line_1_6' title="bbox 258 1123 1949 1248; baseline -0.001 -31"><span class='ocrx_word' id='word_1_31' title='bbox 258 1135 357 1232; x_wconf 90' lang='lat' dir='ltr'><strong>bus,</strong></span> <span class='ocrx_word' id='word_1_32' title='bbox 397 1123 646 1248; x_wconf 84' lang='lat' dir='ltr'><strong>praesertim</strong></span> <span class='ocrx_word' id='word_1_33' title='bbox 679 1124 869 1219; x_wconf 83' lang='lat' dir='ltr'><strong>herbidis</strong></span> <span class='ocrx_word' id='word_1_34' title='bbox 905 1129 1103 1216; x_wconf 86' lang='lat' dir='ltr'><strong>abundat.</strong></span> <span class='ocrx_word' id='word_1_35' title='bbox 1172 1133 1422 1220; x_wconf 77' lang='lat' dir='ltr'><strong>Stellarus</strong></span> <span class='ocrx_word' id='word_1_36' title='bbox 1458 1161 1544 1216; x_wconf 87' lang='lat' dir='ltr'><strong>uon</strong></span> <span class='ocrx_word' id='word_1_37' title='bbox 1581 1133 1716 1216; x_wconf 93' lang='lat' dir='ltr'><strong>solum</strong></span> <span class='ocrx_word' id='word_1_38' title='bbox 1753 1133 1800 1216; x_wconf 93' lang='lat' dir='ltr'><strong>in</strong></span> <span class='ocrx_word' id='word_1_39' title='bbox 1828 1133 1949 1218; x_wconf 88' lang='lat' dir='ltr'><strong>Cam·</strong></span> 
     </span>
     <span class='ocr_line' id='line_1_7' title="bbox 258 1281 1953 1400; baseline 0.001 -32"><span class='ocrx_word' id='word_1_40' title='bbox 258 1282 449 1370; x_wconf 89' lang='lat' dir='ltr'><strong>tschatca</strong></span> <span class='ocrx_word' id='word_1_41' title='bbox 477 1281 552 1370; x_wconf 83' lang='lat' dir='ltr'><strong>sed</strong></span> <span class='ocrx_word' id='word_1_42' title='bbox 580 1308 624 1370; x_wconf 87' lang='lat' dir='ltr'><strong>et</strong></span> <span class='ocrx_word' id='word_1_43' title='bbox 651 1286 698 1374; x_wconf 87' lang='lat' dir='ltr'><strong>iu</strong></span> <span class='ocrx_word' id='word_1_44' title='bbox 724 1283 874 1371; x_wconf 91' lang='lat' dir='ltr'><strong>insulis</strong></span> <span class='ocrx_word' id='word_1_45' title='bbox 902 1282 1060 1371; x_wconf 85' lang='lat' dir='ltr'><strong>Cutilis</strong></span> <span class='ocrx_word' id='word_1_46' title='bbox 1086 1283 1245 1400; x_wconf 87' lang='lat' dir='ltr'><strong>pariter</strong></span> <span class='ocrx_word' id='word_1_47' title='bbox 1271 1308 1315 1370; x_wconf 92' lang='lat' dir='ltr'><strong>et</strong></span> <span class='ocrx_word' id='word_1_48' title='bbox 1347 1282 1402 1368; x_wconf 89' lang='lat' dir='ltr'><strong>iis</strong></span> <span class='ocrx_word' id='word_1_49' title='bbox 1438 1312 1544 1400; x_wconf 91' lang='lat' dir='ltr'><strong>quae</strong></span> <span class='ocrx_word' id='word_1_50' title='bbox 1583 1283 1694 1370; x_wconf 89' lang='lat' dir='ltr'><strong>inter</strong></span> <span class='ocrx_word' id='word_1_51' title='bbox 1730 1284 1878 1373; x_wconf 83' lang='lat' dir='ltr'><strong>Asiam</strong></span> <span class='ocrx_word' id='word_1_52' title='bbox 1907 1303 1953 1370; x_wconf 78' lang='lat' dir='ltr'><strong>et</strong></span> 
     </span>
     <span class='ocr_line' id='line_1_8' title="bbox 258 1434 1952 1554; baseline 0.002 -34"><span class='ocrx_word' id='word_1_53' title='bbox 258 1435 504 1521; x_wconf 89' lang='lat' dir='ltr'><strong>Americam</strong></span> <span class='ocrx_word' id='word_1_54' title='bbox 547 1469 712 1554; x_wconf 83' lang='lat' dir='ltr'><strong>sparsae</strong></span> <span class='ocrx_word' id='word_1_55' title='bbox 746 1459 862 1542; x_wconf 87' lang='lat' dir='ltr'><strong>sunt,</strong></span> <span class='ocrx_word' id='word_1_56' title='bbox 899 1434 1152 1524; x_wconf 84' lang='lat' dir='ltr'><strong>observavit.</strong></span> <span class='ocrx_word' id='word_1_57' title='bbox 1217 1446 1268 1524; x_wconf 90' lang='lat' dir='ltr'><strong>In</strong></span> <span class='ocrx_word' id='word_1_58' title='bbox 1301 1434 1515 1552; x_wconf 88' lang='lat' dir='ltr'><strong>superiore</strong></span> <span class='ocrx_word' id='word_1_59' title='bbox 1551 1437 1743 1524; x_wconf 89' lang='lat' dir='ltr'><strong>Jeniseae</strong></span> <span class='ocrx_word' id='word_1_60' title='bbox 1778 1437 1952 1554; x_wconf 83' lang='lat' dir='ltr'><strong>regione</strong></span> 
     </span>
     <span class='ocr_line' id='line_1_9' title="bbox 259 1587 1953 1708; baseline 0.001 -37"><span class='ocrx_word' id='word_1_61' title='bbox 259 1587 376 1672; x_wconf 85' lang='lat' dir='ltr'><strong>etin</strong></span> <span class='ocrx_word' id='word_1_62' title='bbox 404 1590 591 1675; x_wconf 89' lang='lat' dir='ltr'><strong>Dauuria</strong></span> <span class='ocrx_word' id='word_1_63' title='bbox 619 1590 934 1708; x_wconf 87' lang='lat' dir='ltr'><strong>copiosissimae</strong></span> <span class='ocrx_word' id='word_1_64' title='bbox 961 1612 1078 1690; x_wconf 91' lang='lat' dir='ltr'><strong>sunt,</strong></span> <span class='ocrx_word' id='word_1_65' title='bbox 1119 1588 1285 1676; x_wconf 82' lang='lat' dir='ltr'><strong>tossicis</strong></span> <span class='ocrx_word' id='word_1_66' title='bbox 1314 1589 1581 1693; x_wconf 88' lang='lat' dir='ltr'><strong>simillimae,</strong></span> <span class='ocrx_word' id='word_1_67' title='bbox 1629 1593 1705 1675; x_wconf 88' lang='lat' dir='ltr'><strong>sed</strong></span> <span class='ocrx_word' id='word_1_68' title='bbox 1732 1590 1840 1677; x_wconf 90' lang='lat' dir='ltr'><strong>mira</strong></span> <span class='ocrx_word' id='word_1_69' title='bbox 1868 1591 1953 1674; x_wconf 70' lang='lat' dir='ltr'><strong>ele⁴</strong></span> 
     </span>
     <span class='ocr_line' id='line_1_10' title="bbox 261 1739 1953 1863; baseline 0.001 -40"><span class='ocrx_word' id='word_1_70' title='bbox 261 1739 406 1853; x_wconf 83' lang='lat' dir='ltr'><strong>gantis</strong></span> <span class='ocrx_word' id='word_1_71' title='bbox 433 1742 549 1826; x_wconf 89' lang='lat' dir='ltr'><strong>vocis</strong></span> <span class='ocrx_word' id='word_1_72' title='bbox 578 1765 623 1827; x_wconf 87' lang='lat' dir='ltr'><strong>et</strong></span> <span class='ocrx_word' id='word_1_73' title='bbox 650 1743 848 1830; x_wconf 88' lang='lat' dir='ltr'><strong>carminis</strong></span> <span class='ocrx_word' id='word_1_74' title='bbox 889 1740 1159 1846; x_wconf 86' lang='lat' dir='ltr'><strong>nobilitatae,</strong></span> <span class='ocrx_word' id='word_1_75' title='bbox 1203 1745 1306 1828; x_wconf 90' lang='lat' dir='ltr'><strong>dum</strong></span> <span class='ocrx_word' id='word_1_76' title='bbox 1332 1765 1478 1827; x_wconf 86' lang='lat' dir='ltr'><strong>contra</strong></span> <span class='ocrx_word' id='word_1_77' title='bbox 1506 1741 1746 1863; x_wconf 87' lang='lat' dir='ltr'><strong>coturnices</strong></span> <span class='ocrx_word' id='word_1_78' title='bbox 1774 1743 1838 1828; x_wconf 87' lang='lat' dir='ltr'><strong>ibi</strong></span> <span class='ocrx_word' id='word_1_79' title='bbox 1865 1772 1953 1825; x_wconf 89' lang='lat' dir='ltr'><strong>mu·</strong></span> 
     </span>
     <span class='ocr_line' id='line_1_11' title="bbox 258 1893 1953 2011; baseline 0.001 -36"><span class='ocrx_word' id='word_1_80' title='bbox 258 1912 342 1975; x_wconf 89' lang='lat' dir='ltr'><strong>tae.</strong></span> <span class='ocrx_word' id='word_1_81' title='bbox 400 1894 538 1979; x_wconf 88' lang='lat' dir='ltr'><strong>Cantu</strong></span> <span class='ocrx_word' id='word_1_82' title='bbox 565 1895 800 1981; x_wconf 81' lang='lat' dir='ltr'><strong>eminentes</strong></span> <span class='ocrx_word' id='word_1_83' title='bbox 830 1901 1029 1979; x_wconf 91' lang='lat' dir='ltr'><strong>Moscuae</strong></span> <span class='ocrx_word' id='word_1_84' title='bbox 1058 1915 1102 1976; x_wconf 91' lang='lat' dir='ltr'><strong>et</strong></span> <span class='ocrx_word' id='word_1_85' title='bbox 1125 1893 1342 2008; x_wconf 88' lang='lat' dir='ltr'><strong>Petropoli</strong></span> <span class='ocrx_word' id='word_1_86' title='bbox 1358 1924 1454 1979; x_wconf 90' lang='lat' dir='ltr'><strong>caro</strong></span> <span class='ocrx_word' id='word_1_87' title='bbox 1482 1896 1719 1980; x_wconf 89' lang='lat' dir='ltr'><strong>venduntur</strong></span> <span class='ocrx_word' id='word_1_88' title='bbox 1727 1926 1740 1996; x_wconf 88' lang='lat'><strong>;·</strong></span> <span class='ocrx_word' id='word_1_89' title='bbox 1770 1922 1953 2011; x_wconf 72' lang='lat' dir='ltr'><strong>praesen</strong></span> 
     </span>
     <span class='ocr_line' id='line_1_12' title="bbox 258 2041 1952 2163; baseline 0.001 -37"><span class='ocrx_word' id='word_1_90' title='bbox 258 2041 340 2127; x_wconf 85' lang='lat' dir='ltr'><strong>tim</strong></span> <span class='ocrx_word' id='word_1_91' title='bbox 367 2045 574 2132; x_wconf 88' lang='lat' dir='ltr'><strong>boreales.</strong></span> <span class='ocrx_word' id='word_1_92' title='bbox 641 2052 691 2131; x_wconf 91' lang='lat' dir='ltr'><strong>ln</strong></span> <span class='ocrx_word' id='word_1_93' title='bbox 720 2045 897 2147; x_wconf 90' lang='lat' dir='ltr'><strong>Sibiria,</strong></span> <span class='ocrx_word' id='word_1_94' title='bbox 940 2044 1061 2129; x_wconf 89' lang='lat' dir='ltr'><strong>utin</strong></span> <span class='ocrx_word' id='word_1_95' title='bbox 1087 2044 1414 2145; x_wconf 89' lang='lat' dir='ltr'><strong>borealioribus,</strong></span> <span class='ocrx_word' id='word_1_96' title='bbox 1455 2076 1670 2163; x_wconf 90' lang='lat' dir='ltr'><strong>nunquam</strong></span> <span class='ocrx_word' id='word_1_97' title='bbox 1697 2074 1952 2160; x_wconf 83' lang='lat' dir='ltr'><strong>congregan-</strong></span> 
     </span>
     <span class='ocr_line' id='line_1_13' title="bbox 258 2185 1955 2313; baseline 0.001 -36"><span class='ocrx_word' id='word_1_98' title='bbox 258 2185 328 2277; x_wconf 78' lang='lat' dir='ltr'><strong>tur</strong></span> <span class='ocrx_word' id='word_1_99' title='bbox 356 2218 576 2301; x_wconf 89' lang='lat' dir='ltr'><strong>autumno,</strong></span> <span class='ocrx_word' id='word_1_100' title='bbox 618 2199 693 2282; x_wconf 91' lang='lat' dir='ltr'><strong>sed</strong></span> <span class='ocrx_word' id='word_1_101' title='bbox 721 2197 1013 2284; x_wconf 91' lang='lat' dir='ltr'><strong>subsolitariae</strong></span> <span class='ocrx_word' id='word_1_102' title='bbox 1042 2195 1198 2297; x_wconf 81' lang='lat' dir='ltr'><strong>sensim</strong></span> <span class='ocrx_word' id='word_1_103' title='bbox 1227 2198 1281 2281; x_wconf 90' lang='lat' dir='ltr'><strong>ad</strong></span> <span class='ocrx_word' id='word_1_104' title='bbox 1309 2222 1494 2282; x_wconf 91' lang='lat' dir='ltr'><strong>austrum</strong></span> <span class='ocrx_word' id='word_1_105' title='bbox 1522 2199 1704 2313; x_wconf 84' lang='lat' dir='ltr'><strong>migrant</strong></span> <span class='ocrx_word' id='word_1_106' title='bbox 1731 2198 1955 2284; x_wconf 72' lang='lat' dir='ltr'><strong>cantillam</strong></span> 
     </span>
     <span class='ocr_line' id='line_1_14' title="bbox 259 2349 1953 2463; baseline 0.002 -35"><span class='ocrx_word' id='word_1_107' title='bbox 259 2366 338 2430; x_wconf 86' lang='lat' dir='ltr'><strong>tea.</strong></span> <span class='ocrx_word' id='word_1_108' title='bbox 400 2355 450 2432; x_wconf 89' lang='lat' dir='ltr'><strong>In</strong></span> <span class='ocrx_word' id='word_1_109' title='bbox 480 2350 657 2435; x_wconf 88' lang='lat' dir='ltr'><strong>desertis</strong></span> <span class='ocrx_word' id='word_1_110' title='bbox 695 2349 945 2435; x_wconf 86' lang='lat' dir='ltr'><strong>australibus</strong></span> <span class='ocrx_word' id='word_1_111' title='bbox 973 2349 1147 2436; x_wconf 87' lang='lat' dir='ltr'><strong>Rossiae</strong></span> <span class='ocrx_word' id='word_1_112' title='bbox 1176 2379 1277 2433; x_wconf 86' lang='lat' dir='ltr'><strong>vero</strong></span> <span class='ocrx_word' id='word_1_113' title='bbox 1305 2349 1446 2463; x_wconf 89' lang='lat' dir='ltr'><strong>parvis</strong></span> <span class='ocrx_word' id='word_1_114' title='bbox 1474 2349 1628 2460; x_wconf 80' lang='lat' dir='ltr'><strong>turmis·</strong></span> <span class='ocrx_word' id='word_1_115' title='bbox 1651 2375 1752 2434; x_wconf 93' lang='lat' dir='ltr'><strong>tunc</strong></span> <span class='ocrx_word' id='word_1_116' title='bbox 1781 2375 1953 2461; x_wconf 67' lang='lat' dir='ltr'><strong>congre⁴</strong></span> 
     </span>
     <span class='ocr_line' id='line_1_15' title="bbox 261 2498 1955 2617; baseline 0 -36"><span class='ocrx_word' id='word_1_117' title='bbox 261 2521 411 2612; x_wconf 85' lang='lat' dir='ltr'><strong>gantur</strong></span> <span class='ocrx_word' id='word_1_118' title='bbox 439 2523 483 2583; x_wconf 91' lang='lat' dir='ltr'><strong>et</strong></span> <span class='ocrx_word' id='word_1_119' title='bbox 510 2499 557 2583; x_wconf 92' lang='lat' dir='ltr'><strong>in</strong></span> <span class='ocrx_word' id='word_1_120' title='bbox 587 2517 682 2586; x_wconf 72' lang='lat' dir='ltr'><strong>aere</strong></span> <span class='ocrx_word' id='word_1_121' title='bbox 712 2532 836 2617; x_wconf 88' lang='lat' dir='ltr'><strong>saepe</strong></span> <span class='ocrx_word' id='word_1_122' title='bbox 866 2500 985 2617; x_wconf 84' lang='lat' dir='ltr'><strong>quasi</strong></span> <span class='ocrx_word' id='word_1_123' title='bbox 1013 2498 1187 2586; x_wconf 85' lang='lat' dir='ltr'><strong>choreas</strong></span> <span class='ocrx_word' id='word_1_124' title='bbox 1217 2523 1358 2615; x_wconf 84' lang='lat' dir='ltr'><strong>agunt.</strong></span> <span class='ocrx_word' id='word_1_125' title='bbox 1432 2500 1606 2587; x_wconf 88' lang='lat' dir='ltr'><strong>Mitiore</strong></span> <span class='ocrx_word' id='word_1_126' title='bbox 1634 2501 1792 2617; x_wconf 86' lang='lat' dir='ltr'><strong>hyeme</strong></span> <span class='ocrx_word' id='word_1_127' title='bbox 1820 2520 1865 2583; x_wconf 89' lang='lat' dir='ltr'><strong>et</strong></span> <span class='ocrx_word' id='word_1_128' title='bbox 1891 2529 1955 2582; x_wconf 90' lang='lat' dir='ltr'><strong>m·</strong></span> 
     </span>
     <span class='ocr_line' id='line_1_16' title="bbox 259 2648 1955 2769; baseline 0.002 -38"><span class='ocrx_word' id='word_1_129' title='bbox 259 2677 312 2732; x_wconf 86' lang='lat' dir='ltr'><strong>ve</strong></span> <span class='ocrx_word' id='word_1_130' title='bbox 341 2681 467 2764; x_wconf 88' lang='lat' dir='ltr'><strong>parca</strong></span> <span class='ocrx_word' id='word_1_131' title='bbox 494 2648 598 2737; x_wconf 87' lang='lat' dir='ltr'><strong>hinc</strong></span> <span class='ocrx_word' id='word_1_132' title='bbox 625 2650 726 2736; x_wconf 88' lang='lat' dir='ltr'><strong>inde</strong></span> <span class='ocrx_word' id='word_1_133' title='bbox 756 2648 1093 2769; x_wconf 89' lang='lat' dir='ltr'><strong>conspiciuntur,</strong></span> <span class='ocrx_word' id='word_1_134' title='bbox 1122 2682 1201 2738; x_wconf 90' lang='lat' dir='ltr'><strong>nec</strong></span> <span class='ocrx_word' id='word_1_135' title='bbox 1230 2683 1374 2739; x_wconf 90' lang='lat' dir='ltr'><strong>omnes</strong></span> <span class='ocrx_word' id='word_1_136' title='bbox 1410 2656 1579 2739; x_wconf 88' lang='lat' dir='ltr'><strong>abeunt.</strong></span> <span class='ocrx_word' id='word_1_137' title='bbox 1649 2656 1880 2768; x_wconf 85' lang='lat' dir='ltr'><strong>Pleraeque</strong></span> <span class='ocrx_word' id='word_1_138' title='bbox 1907 2650 1955 2735; x_wconf 90' lang='lat' dir='ltr'><strong>in</strong></span> 
     </span>
     <span class='ocr_line' id='line_1_17' title="bbox 258 2798 1953 2919; baseline 0.003 -36"><span class='ocrx_word' id='word_1_139' title='bbox 258 2798 422 2902; x_wconf 85' lang='lat' dir='ltr'><strong>Persia,</strong></span> <span class='ocrx_word' id='word_1_140' title='bbox 451 2825 495 2889; x_wconf 90' lang='lat' dir='ltr'><strong>et</strong></span> <span class='ocrx_word' id='word_1_141' title='bbox 520 2803 685 2919; x_wconf 88' lang='lat' dir='ltr'><strong>reliqua</strong></span> <span class='ocrx_word' id='word_1_142' title='bbox 713 2803 816 2887; x_wconf 87' lang='lat' dir='ltr'><strong>Asia</strong></span> <span class='ocrx_word' id='word_1_143' title='bbox 843 2802 1051 2889; x_wconf 85' lang='lat' dir='ltr'><strong>calidiore</strong></span> <span class='ocrx_word' id='word_1_144' title='bbox 1074 2802 1337 2916; x_wconf 89' lang='lat' dir='ltr'><strong>hybernant,</strong></span> <span class='ocrx_word' id='word_1_145' title='bbox 1377 2827 1544 2889; x_wconf 89' lang='lat' dir='ltr'><strong>etcum</strong></span> <span class='ocrx_word' id='word_1_146' title='bbox 1574 2806 1714 2893; x_wconf 87' lang='lat' dir='ltr'><strong>Corvo</strong></span> <span class='ocrx_word' id='word_1_147' title='bbox 1744 2802 1953 2917; x_wconf 83' lang='lat' dir='ltr'><strong>frugilego</strong></span> 
     </span>
     <span class='ocr_line' id='line_1_18' title="bbox 257 2947 1957 3068; baseline 0.001 -35"><span class='ocrx_word' id='word_1_148' title='bbox 257 2947 371 3035; x_wconf 89' lang='lat' dir='ltr'><strong>inter</strong></span> <span class='ocrx_word' id='word_1_149' title='bbox 397 2954 554 3068; x_wconf 89' lang='lat' dir='ltr'><strong>primas</strong></span> <span class='ocrx_word' id='word_1_150' title='bbox 583 2985 679 3039; x_wconf 89' lang='lat' dir='ltr'><strong>aves</strong></span> <span class='ocrx_word' id='word_1_151' title='bbox 715 2957 768 3039; x_wconf 89' lang='lat' dir='ltr'><strong>ad</strong></span> <span class='ocrx_word' id='word_1_152' title='bbox 801 2985 876 3040; x_wconf 90' lang='lat' dir='ltr'><strong>nos</strong></span> <span class='ocrx_word' id='word_1_153' title='bbox 914 2957 1111 3056; x_wconf 90' lang='lat' dir='ltr'><strong>redeunt,</strong></span> <span class='ocrx_word' id='word_1_154' title='bbox 1155 2956 1230 3036; x_wconf 92' lang='lat' dir='ltr'><strong>sub</strong></span> <span class='ocrx_word' id='word_1_155' title='bbox 1264 2953 1436 3039; x_wconf 82' lang='lat' dir='ltr'><strong>initium</strong></span> <span class='ocrx_word' id='word_1_156' title='bbox 1471 2955 1640 3055; x_wconf 82' lang='lat' dir='ltr'><strong>Martii3</strong></span> <span class='ocrx_word' id='word_1_157' title='bbox 1682 2954 1729 3037; x_wconf 90' lang='lat' dir='ltr'><strong>in</strong></span> <span class='ocrx_word' id='word_1_158' title='bbox 1766 2952 1957 3036; x_wconf 84' lang='lat' dir='ltr'><strong>Dauuria</strong></span> 
     </span>
     <span class='ocr_line' id='line_1_19' title="bbox 259 3100 1946 3222; baseline 0.001 -37"><span class='ocrx_word' id='word_1_159' title='bbox 259 3102 335 3185; x_wconf 90' lang='lat' dir='ltr'><strong>sub</strong></span> <span class='ocrx_word' id='word_1_160' title='bbox 363 3107 490 3190; x_wconf 87' lang='lat' dir='ltr'><strong>finem</strong></span> <span class='ocrx_word' id='word_1_161' title='bbox 520 3105 687 3192; x_wconf 88' lang='lat' dir='ltr'><strong>mensis.</strong></span> <span class='ocrx_word' id='word_1_162' title='bbox 754 3103 1032 3222; x_wconf 87' lang='lat' dir='ltr'><strong>Frequentius</strong></span> <span class='ocrx_word' id='word_1_163' title='bbox 1061 3101 1226 3189; x_wconf 82' lang='lat' dir='ltr'><strong>Ricinis</strong></span> <span class='ocrx_word' id='word_1_164' title='bbox 1253 3103 1420 3211; x_wconf 79' lang='lat' dir='ltr'><strong>lividis,</strong></span> <span class='ocrx_word' id='word_1_165' title='bbox 1457 3100 1946 3221; x_wconf 73' lang='lat' dir='ltr'><strong>variae&#39;magnitudini&#39;s,</strong></span> 
     </span>
     <span class='ocr_line' id='line_1_20' title="bbox 258 3252 1053 3343; baseline 0.005 -4"><span class='ocrx_word' id='word_1_166' title='bbox 258 3252 372 3339; x_wconf 86' lang='lat' dir='ltr'><strong>circa</strong></span> <span class='ocrx_word' id='word_1_167' title='bbox 399 3280 577 3342; x_wconf 88' lang='lat' dir='ltr'><strong>rostrum</strong></span> <span class='ocrx_word' id='word_1_168' title='bbox 606 3261 792 3343; x_wconf 89' lang='lat' dir='ltr'><strong>obsessas</strong></span> <span class='ocrx_word' id='word_1_169' title='bbox 820 3256 1053 3343; x_wconf 87' lang='lat' dir='ltr'><strong>observavi.</strong></span> 
     </span>
    </p>

    <p class='ocr_par' dir='ltr' id='par_1_4' title="bbox 255 3406 1947 3831">
     <span class='ocr_line' id='line_1_21' title="bbox 394 3406 1946 3497; baseline 0.001 -5"><span class='ocrx_word' id='word_1_170' title='bbox 394 3410 438 3492; x_wconf 92' lang='lat' dir='ltr'>N</span> <span class='ocrx_word' id='word_1_171' title='bbox 444 3432 545 3496; x_wconf 88' lang='lat' dir='ltr'><strong>oto.</strong></span> <span class='ocrx_word' id='word_1_172' title='bbox 601 3412 767 3496; x_wconf 83' lang='lat' dir='ltr'><strong>Pondus</strong></span> <span class='ocrx_word' id='word_1_173' title='bbox 795 3408 977 3495; x_wconf 88' lang='lat' dir='ltr'><strong>sibiricis</strong></span> <span class='ocrx_word' id='word_1_174' title='bbox 1004 3409 1153 3494; x_wconf 87' lang='lat' dir='ltr'><strong>unciae</strong></span> <span class='ocrx_word' id='word_1_175' title='bbox 1183 3439 1280 3496; x_wconf 85' lang='lat' dir='ltr'><strong>cum</strong></span> <span class='ocrx_word' id='word_1_176' title='bbox 1300 3406 1513 3497; x_wconf 83' lang='lat' dir='ltr'><strong>drachmis</strong></span> <span class='ocrx_word' id='word_1_177' title='bbox 1534 3411 1692 3497; x_wconf 88' lang='lat' dir='ltr'><strong>duabus</strong></span> <span class='ocrx_word' id='word_1_178' title='bbox 1710 3411 1781 3496; x_wconf 91' lang='lat' dir='ltr'><strong>vel</strong></span> <span class='ocrx_word' id='word_1_179' title='bbox 1796 3407 1946 3494; x_wconf 74' lang='lat' dir='ltr'><strong>mica.</strong></span> 
     </span>
     <span class='ocr_line' id='line_1_22' title="bbox 257 3557 1947 3679; baseline 0.002 -37"><span class='ocrx_word' id='word_1_180' title='bbox 257 3557 394 3645; x_wconf 80' lang='lat' dir='ltr'><strong>Nidus</strong></span> <span class='ocrx_word' id='word_1_181' title='bbox 421 3558 543 3645; x_wconf 87' lang='lat' dir='ltr'><strong>humi</strong></span> <span class='ocrx_word' id='word_1_182' title='bbox 572 3592 596 3645; x_wconf 92' lang='lat' dir='ltr'><strong>e</strong></span> <span class='ocrx_word' id='word_1_183' title='bbox 625 3559 812 3679; x_wconf 82' lang='lat' dir='ltr'><strong>gramine</strong></span> <span class='ocrx_word' id='word_1_184' title='bbox 847 3583 1009 3665; x_wconf 86' lang='lat' dir='ltr'><strong>textus,</strong></span> <span class='ocrx_word' id='word_1_185' title='bbox 1051 3562 1207 3678; x_wconf 89' lang='lat' dir='ltr'><strong>plumis</strong></span> <span class='ocrx_word' id='word_1_186' title='bbox 1242 3585 1412 3664; x_wconf 83' lang='lat' dir='ltr'><strong>stratus3</strong></span> <span class='ocrx_word' id='word_1_187' title='bbox 1455 3563 1594 3649; x_wconf 82' lang='lat' dir='ltr'><strong>Ovulo</strong></span> <span class='ocrx_word' id='word_1_188' title='bbox 1619 3562 1780 3678; x_wconf 81' lang='lat' dir='ltr'><strong>pallide</strong></span> <span class='ocrx_word' id='word_1_189' title='bbox 1808 3564 1947 3662; x_wconf 83' lang='lat' dir='ltr'><strong>fusca,</strong></span> 
     </span>
     <span class='ocr_line' id='line_1_23' title="bbox 255 3708 1695 3831; baseline 0.003 -36"><span class='ocrx_word' id='word_1_190' title='bbox 255 3708 425 3824; x_wconf 84' lang='lat' dir='ltr'><strong>punctis</strong></span> <span class='ocrx_word' id='word_1_191' title='bbox 454 3714 692 3826; x_wconf 75' lang='lat' dir='ltr'><strong>majusculis</strong></span> <span class='ocrx_word' id='word_1_192' title='bbox 719 3711 1051 3820; x_wconf 85' lang='lat' dir='ltr'><strong>obscurioribus,</strong></span> <span class='ocrx_word' id='word_1_193' title='bbox 1080 3717 1267 3831; x_wconf 88' lang='lat' dir='ltr'><strong>pondere</strong></span> <span class='ocrx_word' id='word_1_194' title='bbox 1295 3716 1407 3799; x_wconf 80' lang='lat' dir='ltr'><strong>infra</strong></span> <span class='ocrx_word' id='word_1_195' title='bbox 1435 3712 1695 3800; x_wconf 86' lang='lat' dir='ltr'><strong>drachmam.</strong></span> 
     </span>
    </p>
   </div>
   <div class='ocr_carea' id='block_1_3' title="bbox 624 3980 1582 4098">
    <p class='ocr_par' dir='ltr' id='par_1_5' title="bbox 624 3980 1582 4098">
     <span class='ocr_line' id='line_1_24' title="bbox 624 3980 1582 4098; baseline -0.001 -24"><span class='ocrx_word' id='word_1_196' title='bbox 624 3986 748 4074; x_wconf 79' lang='lat'><strong>152.</strong></span> <span class='ocrx_word' id='word_1_197' title='bbox 824 3980 881 4070; x_wconf 83' lang='lat' dir='ltr'><strong>.A</strong></span> <span class='ocrx_word' id='word_1_198' title='bbox 909 3984 946 4072; x_wconf 93' lang='lat' dir='ltr'><strong>L</strong></span> <span class='ocrx_word' id='word_1_199' title='bbox 972 3981 1017 4070; x_wconf 88' lang='lat' dir='ltr'>A</span> <span class='ocrx_word' id='word_1_200' title='bbox 1043 3981 1086 4070; x_wconf 93' lang='lat' dir='ltr'><strong>U</strong></span> <span class='ocrx_word' id='word_1_201' title='bbox 1113 3982 1158 4071; x_wconf 93' lang='lat' dir='ltr'>D</span> <span class='ocrx_word' id='word_1_202' title='bbox 1185 3983 1230 4072; x_wconf 88' lang='lat' dir='ltr'>A</span> <span class='ocrx_word' id='word_1_203' title='bbox 1301 3983 1582 4098; x_wconf 81' lang='lat' dir='ltr'><strong>grandior.</strong></span> 
     </span>
    </p>
   </div>
   <div class='ocr_carea' id='block_1_4' title="bbox 254 4159 1943 4585">
    <p class='ocr_par' dir='ltr' id='par_1_6' title="bbox 254 4159 1943 4585">
     <span class='ocr_line' id='line_1_25' title="bbox 268 4159 1943 4283; baseline 0 -34"><span class='ocrx_word' id='word_1_204' title='bbox 268 4159 269 4162; x_wconf 5' lang='grc' dir='ltr'>Ὺ</span> <span class='ocrx_word' id='word_1_205' title='bbox 394 4168 448 4252; x_wconf 88' lang='grc' dir='ltr'><strong>Α.</strong></span> <span class='ocrx_word' id='word_1_206' title='bbox 478 4167 638 4252; x_wconf 87' lang='lat' dir='ltr'><strong>vertice</strong></span> <span class='ocrx_word' id='word_1_207' title='bbox 668 4166 939 4271; x_wconf 88' lang='lat' dir='ltr'><strong>subcristato,</strong></span> <span class='ocrx_word' id='word_1_208' title='bbox 982 4164 1161 4252; x_wconf 88' lang='lat' dir='ltr'><strong>rectrice</strong></span> <span class='ocrx_word' id='word_1_209' title='bbox 1188 4166 1349 4253; x_wconf 79' lang='lat' dir='ltr'><strong>extima</strong></span> <span class='ocrx_word' id='word_1_210' title='bbox 1376 4169 1572 4282; x_wconf 87' lang='lat' dir='ltr'><strong>utrinque</strong></span> <span class='ocrx_word' id='word_1_211' title='bbox 1600 4184 1768 4283; x_wconf 81' lang='lat' dir='ltr'><strong>praeter</strong></span> <span class='ocrx_word' id='word_1_212' title='bbox 1792 4161 1943 4278; x_wconf 77' lang='lat' dir='ltr'><strong>margi·</strong></span> 
     </span>
     <span class='ocr_line' id='line_1_26' title="bbox 254 4316 1836 4433; baseline 0.002 -33"><span class='ocrx_word' id='word_1_213' title='bbox 254 4341 356 4402; x_wconf 86' lang='lat' dir='ltr'><strong>nem</strong></span> <span class='ocrx_word' id='word_1_214' title='bbox 383 4338 493 4417; x_wconf 91' lang='lat' dir='ltr'><strong>tota,</strong></span> <span class='ocrx_word' id='word_1_215' title='bbox 522 4318 716 4433; x_wconf 87' lang='lat' dir='ltr'><strong>proxima</strong></span> <span class='ocrx_word' id='word_1_216' title='bbox 744 4340 881 4404; x_wconf 85' lang='lat' dir='ltr'><strong>tractu</strong></span> <span class='ocrx_word' id='word_1_217' title='bbox 909 4316 1211 4432; x_wconf 84' lang='lat' dir='ltr'><strong>longitudinali</strong></span> <span class='ocrx_word' id='word_1_218' title='bbox 1238 4320 1350 4403; x_wconf 87' lang='lat' dir='ltr'><strong>alba.</strong></span> <span class='ocrx_word' id='word_1_219' title='bbox 1834 4407 1836 4412; x_wconf 72' lang='grc'>,</span> 
     </span>
     <span class='ocr_line' id='line_1_27' title="bbox 477 4461 1904 4585; baseline 0 -32"><span class='ocrx_word' id='word_1_220' title='bbox 477 4475 573 4554; x_wconf 70' lang='lat' dir='ltr'><strong>An?</strong></span> <span class='ocrx_word' id='word_1_221' title='bbox 602 4470 802 4553; x_wconf 87' lang='lat' dir='ltr'><strong>Alouette</strong></span> <span class='ocrx_word' id='word_1_222' title='bbox 831 4471 906 4553; x_wconf 82' lang='lat' dir='ltr'><strong>des</strong></span> <span class='ocrx_word' id='word_1_223' title='bbox 933 4468 1105 4569; x_wconf 77' lang='lat' dir='ltr'><strong>Marais,</strong></span> <span class='ocrx_word' id='word_1_224' title='bbox 1141 4461 1373 4557; x_wconf 77' lang='lat' dir='ltr'><strong>D’Aubent.</strong></span> <span class='ocrx_word' id='word_1_225' title='bbox 1404 4479 1490 4585; x_wconf 84' lang='lat' dir='ltr'><strong>pict</strong></span> <span class='ocrx_word' id='word_1_226' title='bbox 1518 4471 1602 4556; x_wconf 82' lang='lat' dir='ltr'><strong>tab.</strong></span> <span class='ocrx_word' id='word_1_227' title='bbox 1634 4485 1729 4557; x_wconf 81' lang='lat'><strong>661.</strong></span> <span class='ocrx_word' id='word_1_228' title='bbox 1748 4473 1833 4584; x_wconf 75' lang='lat' dir='ltr'><strong>fig.</strong></span> <span class='ocrx_word' id='word_1_229' title='bbox 1870 4503 1904 4553; x_wconf 89' lang='lat' dir='ltr'><strong>r.</strong></span> 
     </span>
    </p>
   </div>
   <div class='ocr_carea' id='block_1_5' title="bbox 250 4608 1957 4891">
    <p class='ocr_par' dir='ltr' id='par_1_7' title="bbox 250 4608 1957 4891">
     <span class='ocr_line' id='line_1_28' title="bbox 271 4608 1945 4735; baseline 0.001 -33"><span class='ocrx_word' id='word_1_230' title='bbox 271 4646 274 4651; x_wconf 85' lang='lat'>·</span> <span class='ocrx_word' id='word_1_231' title='bbox 390 4619 746 4735; x_wconf 87' lang='lat' dir='ltr'><strong>Frequentissima</strong></span> <span class='ocrx_word' id='word_1_232' title='bbox 774 4618 885 4704; x_wconf 87' lang='lat' dir='ltr'><strong>circa</strong></span> <span class='ocrx_word' id='word_1_233' title='bbox 912 4621 1027 4707; x_wconf 86' lang='lat' dir='ltr'><strong>lacus</strong></span> <span class='ocrx_word' id='word_1_234' title='bbox 1054 4644 1098 4705; x_wconf 90' lang='lat' dir='ltr'><strong>et</strong></span> <span class='ocrx_word' id='word_1_235' title='bbox 1125 4625 1296 4709; x_wconf 80' lang='lat' dir='ltr'><strong>lacunas</strong></span> <span class='ocrx_word' id='word_1_236' title='bbox 1338 4625 1463 4708; x_wconf 88' lang='lat' dir='ltr'><strong>salsas</strong></span> <span class='ocrx_word' id='word_1_237' title='bbox 1506 4620 1664 4707; x_wconf 87' lang='lat' dir='ltr'><strong>deserti</strong></span> <span class='ocrx_word' id='word_1_238' title='bbox 1691 4608 1945 4735; x_wconf 58' lang='lat' dir='ltr'><strong>Mou&#39;golici,</strong></span> 
     </span>
     <span class='ocr_line' id='line_1_29' title="bbox 250 4768 1957 4891; baseline 0.002 -37"><span class='ocrx_word' id='word_1_239' title='bbox 250 4798 390 4885; x_wconf 91' lang='lat' dir='ltr'><strong>neque</strong></span> <span class='ocrx_word' id='word_1_240' title='bbox 418 4768 529 4857; x_wconf 92' lang='lat' dir='ltr'><strong>mihi</strong></span> <span class='ocrx_word' id='word_1_241' title='bbox 558 4770 662 4856; x_wconf 89' lang='lat' dir='ltr'><strong>alibi</strong></span> <span class='ocrx_word' id='word_1_242' title='bbox 697 4768 800 4856; x_wconf 87' lang='lat' dir='ltr'><strong>visa.</strong></span> <span class='ocrx_word' id='word_1_243' title='bbox 870 4778 910 4856; x_wconf 93' lang='lat' dir='ltr'>A</span> <span class='ocrx_word' id='word_1_244' title='bbox 937 4779 1217 4888; x_wconf 84' lang='lat' dir='ltr'><strong>praecedente</strong></span> <span class='ocrx_word' id='word_1_245' title='bbox 1256 4774 1395 4861; x_wconf 85' lang='lat' dir='ltr'><strong>minus</strong></span> <span class='ocrx_word' id='word_1_246' title='bbox 1429 4775 1602 4878; x_wconf 83' lang='lat' dir='ltr'><strong>colore,</strong></span> <span class='ocrx_word' id='word_1_247' title='bbox 1635 4805 1765 4891; x_wconf 86' lang='lat' dir='ltr'><strong>quam</strong></span> <span class='ocrx_word' id='word_1_248' title='bbox 1792 4774 1957 4889; x_wconf 65' lang='lat' dir='ltr'><strong>&#39;procel-t</strong></span> 
     </span>
    </p>
   </div>
   <div class='ocr_carea' id='block_1_6' title="bbox 0 0 2210 5910">
    <p class='ocr_par' dir='ltr' id='par_1_8' title="bbox 0 0 2210 5910">
     <span class='ocr_line' id='line_1_30' title="bbox 0 0 2210 5910; baseline 0 0"><span class='ocrx_word' id='word_1_249' title='bbox 0 0 2210 5910; x_wconf 95' lang='lat' dir='ltr'><strong> </strong></span> 
     </span>
    </p>
   </div>
  </div>
 </body>
</html>
