4410 5910
1039 370 1187 417 Ξ
1874 354 1962 451 38?

452 612 543 713 47.
634 591 886 687 CORV
910 594 1011 684 US
1085 596 1396 687 donaticas
1468 594 1613 688 TAB.
1659 596 1769 688 XV.

278 744 282 751 '
404 737 454 824 Ca
485 761 591 841 ater,
621 735 761 823 nucha
790 761 1059 842 canescente,
1088 740 1254 825 cervice
1282 764 1538 856 pectoreque
1568 740 1689 825 albis.

483 892 715 976 Manedula
741 898 1000 994 leucozoaas,
1029 915 1200 1008 pectore
1231 892 1348 997 albu,
1386 891 1605 978 buraetica
1630 894 1955 982 Messersclrmid.

540 1048 686 1128 ornitlr.
715 1045 805 1128 MS.

484 1196 645 1282 Corvus
673 1194 912 1298 dauuricus,
943 1198 1051 1282 Poll.
1080 1205 1169 1285 itin.
1198 1203 1275 1283 Ill.
1305 1198 1481 1314 append.
1512 1232 1553 1314 p.
1583 1212 1678 1306 694.
1710 1230 1750 1284 n.
1778 1212 1818 1285 8.

374 1345 549 1432 Rossice
586 1351 892 1469 Seleuginslraju
934 1380 965 1433 s.
1006 1352 1191 1469 Peggoja
1232 1353 1367 1437 Gallia
1408 1349 1458 1460 (i.
1486 1378 1524 1434 e.
1555 1352 1787 1469 Manedula
1815 1350 1957 1437 Seleu·

428 1498 582 1610 giensis
611 1499 680 1582 vel
706 1500 854 1610 varia).
912 1502 1338 1614 Mangolo·Buraetis
1365 1506 1547 1609 Alata,
1579 1505 1649 1588 vel
1674 1507 1957 1591 Abale-Tuan.

426 1651 634 1764 'sungusis
667 1654 821 1738 Tontro
850 1675 893 1738 et
920 1657 1127 1751 Alciden,
1154 1653 1261 1737 item
1293 1656 1428 1768 Tagb.

399 1808 448 1885 In
477 1803 718 1916 regionibus
748 1808 800 1888 ab
833 1807 930 1890 Uda
957 1804 1086 1889 fluvio
1116 1807 1169 1888 ad
1197 1809 1353 1889 Lanam
1379 1835 1510 1920 usque
1546 1827 1592 1889 et
1629 1808 1747 1893 omni
1786 1809 1967 1924 regione⁴

259 1953 626 2058 transbaicalensi,
672 1959 861 2071 adeoque
902 1957 948 2042 in
991 1958 1082 2042 solo
1121 1958 1325 2043 Ircutensi
1354 1958 1572 2044 Gubemio
1600 1960 1821 2046 familiaris
1849 1960 1960 2045 avis:

261 2108 519 2190 Monedulae
547 2108 701 2206 forma,
738 2108 1029 2223 magnitudine
1069 2130 1116 2193 et
1143 2107 1330 2193 moribus
1359 2109 1578 2195 simillima
1605 2133 1649 2196 et
1677 2142 1776 2197 vere
1822 2080 1966 2217 succe-,⁹

261 2258 445 2358 daneae,
472 2282 520 2344 ut
547 2259 780 2359 dubitares,
808 2263 947 2378 primo
984 2283 1173 2377 aspectu,
1219 2292 1272 2344 an
1299 2293 1377 2378 pro
1406 2261 1606 2348 distincta
1633 2262 1774 2380 specie
1801 2263 1859 2348 sit
1886 2261 1958 2347 hu·

261 2412 418 2495 benda.
476 2418 640 2527 Hyeme
667 2414 924 2530 transalpina
951 2413 1138 2500 Dauuria
1173 2445 1258 2499 non
1287 2412 1425 2498 omnis
1453 2415 1616 2514 exulat,
1644 2416 1871 2530 pleraeque
1899 2438 1959 2499 ta-

258 2592 359 2647 men
373 2563 587 2677 migrant,
629 2588 674 2650 et
710 2567 849 2682 primo
880 2598 978 2652 vere
1031 2575 1159 2680 (ante
1190 2564 1392 2650 Martium
1420 2574 1571 2683 saepe)
1614 2596 1668 2651 ex
1711 2565 1962 2689 australibus⁸

259 2715 504 2828 Mongoliae
533 2741 658 2832 atque
686 2718 852 2806 Chinae
900 2721 1136 2823 turmatim,
1176 2721 1374 2822 redeunt,
1418 2719 1601 2834 primum
1644 2718 1758 2804 circa
1798 2720 1957 2834 oppida

257 2867 484 2982 gregatim,
515 2870 617 2953 dein
645 2903 809 2986 sparsae
836 2871 882 2956 in
912 2873 1042 2988 sylvis
1070 2871 1333 2973 habitantes,
1362 2893 1408 2954 et
1429 2892 1530 2956 tunc
1555 2875 1608 2957 ad
1629 2878 1788 2956 Lanam
1807 2901 1954 2989 usque,

256 3050 344 3147 non
383 3048 484 3105 vero
518 3021 565 3107 in
607 3024 793 3108 maxime
834 3028 1047 3112 borealem
1089 3046 1272 3109 tractum
1312 3021 1619 3135 disperguntur.
1692 3000 1955 3107 Gmelinus

255 3173 470 3279 observat,
508 3177 646 3293 pullos
674 3156 822 3293 primis
850 3176 1062 3263 mensibus
1090 3178 1319 3292 perfectam
1351 3176 1589 3258 adultorum
1617 3171 1953 3286 magnitudinem

255 3325 488 3439 acquirere.
544 3334 624 3413 Pro
651 3331 748 3413 nido
775 3332 939 3445 eligunt
966 3360 1212 3415 annosarum
1250 3329 1446 3412 arborum
1473 3349 1686 3411 truncatos
1714 3314 1798 3408 vel
1812 3346 1950 3442 putre-

256 3476 360 3563 dine
389 3509 537 3566 exesos
563 3502 755 3581 truncos,
784 3483 829 3567 in
858 3484 1009 3599 quibus
1038 3468 1200 3589 cavurn'
1217 3480 1454 3594 angustiore
1484 3477 1593 3564 ostio
1622 3476 1862 3563 adeundum
1889 3475 1950 3560 in·

254 3631 472 3739 venerint,
514 3636 629 3749 quod
659 3646 792 3720 rostro
820 3634 1089 3751 profundius,
1132 3663 1254 3750 saepe
1299 3634 1351 3717 ad
1393 3630 1639 3746 bipedalem
1680 3629 1950 3715 altitudinem

253 3808 486 3891 excavant,
526 3808 574 3870 ut
601 3786 755 3900 mirum
781 3818 906 3905 saepe
936 3790 1150 3903 quomodo
1179 3753 1269 3873 avis
1297 3815 1373 3900 per
1400 3807 1592 3898 angustas
1618 3786 1758 3871 fauces
1786 3780 1833 3865 in
1860 3802 1949 3864 tan·

251 3954 343 4017 tam
370 3938 703 4051 profunditatem
729 3941 792 4026 ire
822 3965 866 4026 et
895 3942 1033 4026 redire
1062 3938 1207 4056 possit.
1265 3937 1333 4022 Ibi
1353 3967 1477 4052 saepe
1499 3936 1544 4021 in
1568 3938 1657 4022 sola
1684 3937 1831 4037 scobe,
1859 3930 1949 4047 ple'·

251 4114 430 4201 rumque
456 4112 600 4177 tamen
626 4092 792 4208 ingesta
820 4095 941 4210 copia
971 4092 1125 4177 bovilli
1151 4090 1233 4206 pili
1261 4111 1305 4175 et
1340 4091 1481 4193 lanae,
1525 4121 1605 4207 ova
1645 4092 1761 4203 Majo
1803 4114 1947 4169 mense

250 4263 419 4353 ponunt
445 4242 616 4330 circiter
657 4270 881 4361 quaterna,
921 4247 1103 4358 jucunde
1144 4241 1349 4339 virentia,
1391 4241 1524 4355 magis
1566 4238 1757 4323 minusve
1798 4237 1947 4334 diluta,

250 4391 422 4507 punctis
456 4395 603 4497 fuscis,
645 4401 698 4484 ad
740 4399 998 4485 obtusiorem
1038 4397 1243 4482 verticem
1284 4393 1540 4479 rebrioribus
1581 4423 1721 4510 sparsa
1760 4389 1947 4505 pondere

250 4540 426 4633 circiter
452 4562 476 4635 3
507 4549 742 4636 drachmar.
800 4556 842 4636 V
840 4586 896 4637 on
925 4550 1060 4654 varia,
1105 4553 1191 4634 fere
1221 4548 1496 4650 Manedulae,
1527 4547 1723 4631 clamosa.

266 4728 273 4739 ·
395 4696 571 4780 Descr.
628 4698 876 4809 Magnitudo
904 4696 1174 4781 Manedulae.
1230 4695 1423 4779 Rostrum
1450 4693 1638 4808 nigrum,
1667 4722 1752 4779 non
1773 4689 1948 4805 emergi,-

248 4870 397 4933 natum
424 4852 589 4964 Lingua
618 4849 738 4964 apice
767 4847 910 4932 bifida.
981 4851 1022 4932 V
1020 4848 1189 4934 {briscae
1217 4879 1339 4962 supra
1380 4877 1499 4933 nares
1534 4866 1580 4929 et
1608 4847 1661 4931 ad
1689 4843 1810 4931 basin
1837 4874 1950 4929 man·

1500 5005 1525 5056 Ο
