<?xml version="1.0" encoding="UTF-8"?>
<!DOCTYPE html PUBLIC "-//W3C//DTD XHTML 1.0 Transitional//EN"
    "http://www.w3.org/TR/xhtml1/DTD/xhtml1-transitional.dtd">
<html xmlns="http://www.w3.org/1999/xhtml" xml:lang="en" lang="en">
 <head>
  <title>
</title>
<meta http-equiv="Content-Type" content="text/html;charset=utf-8" />
  <meta name='ocr-system' content='tesseract 3.04.00' />
  <meta name='ocr-capabilities' content='ocr_page ocr_carea ocr_par ocr_line ocrx_word'/>
</head>
<body>
  <div class='ocr_page' id='page_1' title='image "./zoographiarosso01pallgoog_0120.png"; bbox 0 0 4410 5910; ppageno 0'>
   <div class='ocr_carea' id='block_1_1' title="bbox 300 658 1942 939">
    <p class='ocr_par' dir='ltr' id='par_1_1' title="bbox 300 658 1942 939">
     <span class='ocr_line' id='line_1_1' title="bbox 300 658 1942 833; baseline -0.004 -74"><span class='ocrx_word' id='word_1_1' title='bbox 300 764 303 769; x_wconf 67' lang='grc'>,</span> <span class='ocrx_word' id='word_1_2' title='bbox 469 669 668 769; x_wconf 82' lang='lat' dir='ltr'><strong>Polecat,</strong></span> <span class='ocrx_word' id='word_1_3' title='bbox 691 664 888 753; x_wconf 69' lang='lat' dir='ltr'><strong>ramas.</strong></span> <span class='ocrx_word' id='word_1_4' title='bbox 913 692 1080 781; x_wconf 70' lang='lat' dir='ltr'><strong>syap</strong></span> <span class='ocrx_word' id='word_1_5' title='bbox 1107 674 1217 755; x_wconf 64' lang='grc' dir='ltr'><strong>αιό..Ι</strong></span> <span class='ocrx_word' id='word_1_6' title='bbox 1230 692 1288 751; x_wconf 77' lang='grc' dir='ltr'><strong>ιι.</strong></span> <span class='ocrx_word' id='word_1_7' title='bbox 1308 676 1400 754; x_wconf 71' lang='lat' dir='ltr'><strong>sous</strong></span> <span class='ocrx_word' id='word_1_8' title='bbox 1424 658 1545 753; x_wconf 78' lang='lat' dir='ltr'><strong>Zo&#39;ol</strong></span> <span class='ocrx_word' id='word_1_9' title='bbox 1568 662 1724 833; x_wconf 57' lang='lat' dir='ltr'><strong>critola</strong></span> <span class='ocrx_word' id='word_1_10' title='bbox 1765 663 1852 779; x_wconf 81' lang='lat' dir='ltr'><strong>(ad</strong></span> <span class='ocrx_word' id='word_1_11' title='bbox 1880 668 1942 779; x_wconf 82' lang='grc'><strong>4.)</strong></span> 
     </span>
     <span class='ocr_line' id='line_1_2' title="bbox 522 820 1664 939; baseline -0.013 0"><span class='ocrx_word' id='word_1_12' title='bbox 522 820 997 939; x_wconf 44' lang='lat' dir='ltr'><strong>impunis.</strong></span> <span class='ocrx_word' id='word_1_13' title='bbox 1131 880 1135 890; x_wconf 93' lang='lat'>·</span> <span class='ocrx_word' id='word_1_14' title='bbox 1571 872 1664 887; x_wconf 88' lang='grc'><strong>·-</strong></span> 
     </span>
    </p>
   </div>
   <div class='ocr_carea' id='block_1_2' title="bbox 361 1030 1992 1307">
    <p class='ocr_par' dir='ltr' id='par_1_2' title="bbox 361 1030 1992 1307">
     <span class='ocr_line' id='line_1_3' title="bbox 361 1030 1944 1158; baseline -0.004 -29"><span class='ocrx_word' id='word_1_15' title='bbox 361 1041 538 1131; x_wconf 84' lang='lat' dir='ltr'><strong>Rossice</strong></span> <span class='ocrx_word' id='word_1_16' title='bbox 567 1043 699 1143; x_wconf 75' lang='lat' dir='ltr'><strong>Cher,</strong></span> <span class='ocrx_word' id='word_1_17' title='bbox 725 1042 935 1158; x_wconf 67' lang='lat' dir='ltr'><strong>Chotp&#39;okr·</strong></span> <span class='ocrx_word' id='word_1_18' title='bbox 964 1034 1145 1123; x_wconf 82' lang='lat' dir='ltr'><strong>Ueranis</strong></span> <span class='ocrx_word' id='word_1_19' title='bbox 1177 1032 1334 1135; x_wconf 64' lang='lat' dir='ltr'><strong>Talion·</strong></span> <span class='ocrx_word' id='word_1_20' title='bbox 1372 1036 1545 1143; x_wconf 86' lang='lat' dir='ltr'><strong>Poloais</strong></span> <span class='ocrx_word' id='word_1_21' title='bbox 1576 1030 1764 1127; x_wconf 72' lang='lat' dir='ltr'><strong>‘l‘clrorn&#39;</strong></span> <span class='ocrx_word' id='word_1_22' title='bbox 1805 1034 1858 1123; x_wconf 77' lang='lat' dir='ltr'><strong>ln</strong></span> <span class='ocrx_word' id='word_1_23' title='bbox 1885 1034 1944 1124; x_wconf 83' lang='lat' dir='ltr'><strong>si·</strong></span> 
     </span>
     <span class='ocr_line' id='line_1_4' title="bbox 419 1188 1992 1307; baseline -0.001 -27"><span class='ocrx_word' id='word_1_24' title='bbox 419 1193 530 1280; x_wconf 91' lang='lat' dir='ltr'><strong>biria</strong></span> <span class='ocrx_word' id='word_1_25' title='bbox 558 1191 759 1307; x_wconf 88' lang='lat' dir='ltr'><strong>adoptivo</strong></span> <span class='ocrx_word' id='word_1_26' title='bbox 788 1223 813 1276; x_wconf 91' lang='lat' dir='ltr'><strong>a</strong></span> <span class='ocrx_word' id='word_1_27' title='bbox 839 1188 1049 1306; x_wconf 83' lang='lat' dir='ltr'><strong>Tungusis</strong></span> <span class='ocrx_word' id='word_1_28' title='bbox 1076 1190 1249 1276; x_wconf 86' lang='lat' dir='ltr'><strong>nomine</strong></span> <span class='ocrx_word' id='word_1_29' title='bbox 1276 1194 1492 1281; x_wconf 79' lang='lat' dir='ltr'><strong>Soloucha·</strong></span> <span class='ocrx_word' id='word_1_30' title='bbox 1985 1190 1992 1207; x_wconf 58' lang='lat'>⁸</span> 
     </span>
    </p>
   </div>
   <div class='ocr_carea' id='block_1_3' title="bbox 364 1404 1947 1697">
    <p class='ocr_par' dir='ltr' id='par_1_3' title="bbox 364 1404 1947 1697">
     <span class='ocr_line' id='line_1_5' title="bbox 364 1404 1947 1545; baseline -0.002 -46"><span class='ocrx_word' id='word_1_31' title='bbox 364 1413 530 1499; x_wconf 85' lang='lat' dir='ltr'><strong>Tataris</strong></span> <span class='ocrx_word' id='word_1_32' title='bbox 557 1408 867 1498; x_wconf 84' lang='lat' dir='ltr'><strong>casaniensibus</strong></span> <span class='ocrx_word' id='word_1_33' title='bbox 894 1432 940 1495; x_wconf 89' lang='lat' dir='ltr'><strong>et</strong></span> <span class='ocrx_word' id='word_1_34' title='bbox 967 1404 1947 1545; x_wconf 67' lang='lat' dir='ltr'><strong>sibiricisxason,ssaasss-lrussn;1sirgiso</strong></span> 
     </span>
     <span class='ocr_line' id='line_1_6' title="bbox 421 1542 1552 1697; baseline -0.002 -47"><span class='ocrx_word' id='word_1_35' title='bbox 421 1563 565 1650; x_wconf 85' lang='lat' dir='ltr'><strong>tataris</strong></span> <span class='ocrx_word' id='word_1_36' title='bbox 592 1566 857 1662; x_wconf 78' lang='lat' dir='ltr'><strong>Sasslroesen,</strong></span> <span class='ocrx_word' id='word_1_37' title='bbox 882 1542 1056 1647; x_wconf 88' lang='lat' dir='ltr'><strong>tauricis</strong></span> <span class='ocrx_word' id='word_1_38' title='bbox 1082 1565 1354 1649; x_wconf 77' lang='lat' dir='ltr'><strong>Keneltschik.</strong></span> <span class='ocrx_word' id='word_1_39' title='bbox 1481 1684 1487 1697; x_wconf 32' lang='grc' dir='ltr'>Ι</span> <span class='ocrx_word' id='word_1_40' title='bbox 1546 1686 1552 1697; x_wconf 93' lang='lat'>.</span> 
     </span>
    </p>
   </div>
   <div class='ocr_carea' id='block_1_4' title="bbox 367 1726 1332 2118">
    <p class='ocr_par' dir='ltr' id='par_1_4' title="bbox 367 1726 1332 2118">
     <span class='ocr_line' id='line_1_7' title="bbox 368 1726 1332 1897; baseline -0.006 -25"><span class='ocrx_word' id='word_1_41' title='bbox 368 1780 608 1872; x_wconf 86' lang='lat' dir='ltr'><strong>Calmuccis</strong></span> <span class='ocrx_word' id='word_1_42' title='bbox 633 1784 822 1879; x_wconf 84' lang='lat' dir='ltr'><strong>Kumoe,·</strong></span> <span class='ocrx_word' id='word_1_43' title='bbox 849 1726 1040 1867; x_wconf 84' lang='lat' dir='ltr'><strong>Talentis</strong></span> <span class='ocrx_word' id='word_1_44' title='bbox 1067 1783 1332 1897; x_wconf 76' lang='lat' dir='ltr'><strong>Schergaluls.</strong></span> 
     </span>
     <span class='ocr_line' id='line_1_8' title="bbox 367 1997 1160 2118; baseline -0.009 -29"><span class='ocrx_word' id='word_1_45' title='bbox 367 2000 578 2118; x_wconf 70' lang='lat' dir='ltr'><strong>&#39;Iungusis</strong></span> <span class='ocrx_word' id='word_1_46' title='bbox 604 2002 836 2115; x_wconf 77' lang='lat' dir='ltr'><strong>Scholongd</strong></span> <span class='ocrx_word' id='word_1_47' title='bbox 874 1997 1160 2116; x_wconf 86' lang='lat' dir='ltr'><strong>(improprie).</strong></span> 
     </span>
    </p>
   </div>
   <div class='ocr_carea' id='block_1_5' title="bbox 370 2206 1954 2473">
    <p class='ocr_par' dir='ltr' id='par_1_5' title="bbox 370 2206 1954 2461">
     <span class='ocr_line' id='line_1_9' title="bbox 370 2206 1954 2412; baseline 0.001 -104"><span class='ocrx_word' id='word_1_48' title='bbox 370 2218 622 2308; x_wconf 68' lang='lat' dir='ltr'><strong>lettonibus</strong></span> <span class='ocrx_word' id='word_1_49' title='bbox 656 2219 798 2317; x_wconf 61' lang='lat' dir='ltr'><strong>Setiam</strong></span> <span class='ocrx_word' id='word_1_50' title='bbox 832 2212 978 2305; x_wconf 84' lang='lat' dir='ltr'><strong>Esthis</strong></span> <span class='ocrx_word' id='word_1_51' title='bbox 1011 2219 1190 2309; x_wconf 67' lang='lat' dir='ltr'><strong>Taska.</strong></span> <span class='ocrx_word' id='word_1_52' title='bbox 1230 2216 1558 2412; x_wconf 76' lang='lat' dir='ltr'><strong>Tscheremissis</strong></span> <span class='ocrx_word' id='word_1_53' title='bbox 1583 2221 1780 2309; x_wconf 76' lang='lat' dir='ltr'><strong>Pschdru·</strong></span> <span class='ocrx_word' id='word_1_54' title='bbox 1815 2206 1954 2309; x_wconf 71' lang='lat' dir='ltr'><strong>Orda</strong></span> 
     </span>
     <span class='ocr_line' id='line_1_10' title="bbox 426 2372 620 2473; baseline 0 -14"><span class='ocrx_word' id='word_1_55' title='bbox 426 2372 491 2461; x_wconf 89' lang='lat' dir='ltr'><strong>cis</strong></span> <span class='ocrx_word' id='word_1_56' title='bbox 517 2374 620 2473; x_wconf 75' lang='lat' dir='ltr'><strong>Kus-</strong></span> 
     </span>
    </p>
   </div>
   <div class='ocr_carea' id='block_1_6' title="bbox 371 2578 1105 2702">
    <p class='ocr_par' dir='ltr' id='par_1_6' title="bbox 371 2578 1105 2702">
     <span class='ocr_line' id='line_1_11' title="bbox 371 2578 1105 2702; baseline -0.005 -32"><span class='ocrx_word' id='word_1_57' title='bbox 371 2586 625 2699; x_wconf 84' lang='lat' dir='ltr'><strong>Samojado</strong></span> <span class='ocrx_word' id='word_1_58' title='bbox 637 2578 875 2697; x_wconf 81' lang='lat' dir='ltr'><strong>Caragassis</strong></span> <span class='ocrx_word' id='word_1_59' title='bbox 902 2584 1105 2702; x_wconf 63' lang='lat' dir='ltr'><strong>suamc.</strong></span> 
     </span>
    </p>
   </div>
   <div class='ocr_carea' id='block_1_7' title="bbox 261 2795 1989 5057">
    <p class='ocr_par' dir='ltr' id='par_1_7' title="bbox 261 2795 1989 5057">
     <span class='ocr_line' id='line_1_12' title="bbox 400 2795 1958 2920; baseline -0.001 -30"><span class='ocrx_word' id='word_1_60' title='bbox 400 2806 483 2890; x_wconf 74' lang='lat' dir='ltr'><strong>rer</strong></span> <span class='ocrx_word' id='word_1_61' title='bbox 506 2826 680 2891; x_wconf 82' lang='lat' dir='ltr'><strong>omnent</strong></span> <span class='ocrx_word' id='word_1_62' title='bbox 707 2798 881 2891; x_wconf 83' lang='lat' dir='ltr'><strong>Rossiae</strong></span> <span class='ocrx_word' id='word_1_63' title='bbox 916 2796 963 2887; x_wconf 78' lang='lat' dir='ltr'><strong>ei</strong></span> <span class='ocrx_word' id='word_1_64' title='bbox 997 2797 1177 2888; x_wconf 84' lang='lat' dir='ltr'><strong>Sibiriae</strong></span> <span class='ocrx_word' id='word_1_65' title='bbox 1213 2800 1505 2910; x_wconf 89' lang='lat' dir='ltr'><strong>latitudinem,</strong></span> <span class='ocrx_word' id='word_1_66' title='bbox 1547 2802 1742 2920; x_wconf 83' lang='lat' dir='ltr'><strong>exceptis</strong></span> <span class='ocrx_word' id='word_1_67' title='bbox 1768 2795 1958 2889; x_wconf 76' lang='lat' dir='ltr'><strong>martimo</strong></span> 
     </span>
     <span class='ocr_line' id='line_1_13' title="bbox 263 2951 1957 3073; baseline -0.002 -30"><span class='ocrx_word' id='word_1_68' title='bbox 263 2954 528 3057; x_wconf 83' lang='lat' dir='ltr'><strong>borealibus,</strong></span> <span class='ocrx_word' id='word_1_69' title='bbox 555 2953 735 3073; x_wconf 79' lang='lat' dir='ltr'><strong>sylvosis</strong></span> <span class='ocrx_word' id='word_1_70' title='bbox 763 2977 889 3072; x_wconf 82' lang='lat' dir='ltr'><strong>atque</strong></span> <span class='ocrx_word' id='word_1_71' title='bbox 916 2951 1151 3071; x_wconf 74' lang='lat' dir='ltr'><strong>paludosis,</strong></span> <span class='ocrx_word' id='word_1_72' title='bbox 1181 2954 1469 3071; x_wconf 80' lang='lat' dir='ltr'><strong>vulgatissima</strong></span> <span class='ocrx_word' id='word_1_73' title='bbox 1490 2955 1602 3041; x_wconf 85' lang='lat' dir='ltr'><strong>inter</strong></span> <span class='ocrx_word' id='word_1_74' title='bbox 1623 2952 1808 3041; x_wconf 89' lang='lat' dir='ltr'><strong>minores</strong></span> <span class='ocrx_word' id='word_1_75' title='bbox 1835 2956 1957 3059; x_wconf 80' lang='lat' dir='ltr'><strong>seras,</strong></span> 
     </span>
     <span class='ocr_line' id='line_1_14' title="bbox 264 3090 1962 3224; baseline 0.001 -32"><span class='ocrx_word' id='word_1_76' title='bbox 264 3135 407 3194; x_wconf 80' lang='lat' dir='ltr'><strong>versus</strong></span> <span class='ocrx_word' id='word_1_77' title='bbox 434 3131 621 3196; x_wconf 77' lang='lat' dir='ltr'><strong>austrum</strong></span> <span class='ocrx_word' id='word_1_78' title='bbox 645 3138 723 3224; x_wconf 88' lang='lat' dir='ltr'><strong>per</strong></span> <span class='ocrx_word' id='word_1_79' title='bbox 748 3136 922 3194; x_wconf 83' lang='lat' dir='ltr'><strong>ornnem</strong></span> <span class='ocrx_word' id='word_1_80' title='bbox 947 3090 1164 3192; x_wconf 87' lang='lat' dir='ltr'><strong>Tatariam</strong></span> <span class='ocrx_word' id='word_1_81' title='bbox 1191 3134 1386 3221; x_wconf 84' lang='lat' dir='ltr'><strong>magnam</strong></span> <span class='ocrx_word' id='word_1_82' title='bbox 1414 3130 1602 3194; x_wconf 84' lang='lat' dir='ltr'><strong>extensa.</strong></span> <span class='ocrx_word' id='word_1_83' title='bbox 1667 3104 1845 3193; x_wconf 79' lang='lat' dir='ltr'><strong>Habitat</strong></span> <span class='ocrx_word' id='word_1_84' title='bbox 1870 3107 1962 3223; x_wconf 82' lang='lat' dir='ltr'><strong>plc-</strong></span> 
     </span>
     <span class='ocr_line' id='line_1_15' title="bbox 264 3246 1965 3379; baseline -0.002 -33"><span class='ocrx_word' id='word_1_85' title='bbox 264 3280 442 3377; x_wconf 74' lang='lat' dir='ltr'><strong>uimque</strong></span> <span class='ocrx_word' id='word_1_86' title='bbox 468 3258 516 3346; x_wconf 89' lang='lat' dir='ltr'><strong>in</strong></span> <span class='ocrx_word' id='word_1_87' title='bbox 553 3256 717 3378; x_wconf 89' lang='lat' dir='ltr'><strong>campis</strong></span> <span class='ocrx_word' id='word_1_88' title='bbox 758 3254 932 3379; x_wconf 81' lang='lat' dir='ltr'><strong>apricis,</strong></span> <span class='ocrx_word' id='word_1_89' title='bbox 974 3256 1242 3375; x_wconf 78' lang='lat' dir='ltr'><strong>graminosis,</strong></span> <span class='ocrx_word' id='word_1_90' title='bbox 1286 3258 1429 3364; x_wconf 88' lang='lat' dir='ltr'><strong>siccis,</strong></span> <span class='ocrx_word' id='word_1_91' title='bbox 1471 3258 1670 3348; x_wconf 88' lang='lat' dir='ltr'><strong>cuniculo</strong></span> <span class='ocrx_word' id='word_1_92' title='bbox 1708 3257 1848 3344; x_wconf 87' lang='lat' dir='ltr'><strong>ulnari</strong></span> <span class='ocrx_word' id='word_1_93' title='bbox 1889 3246 1965 3345; x_wconf 80' lang='lat' dir='ltr'><strong>vel</strong></span> 
     </span>
     <span class='ocr_line' id='line_1_16' title="bbox 261 3404 1962 3529; baseline -0.001 -31"><span class='ocrx_word' id='word_1_94' title='bbox 261 3410 402 3498; x_wconf 77' lang='lat' dir='ltr'><strong>mium</strong></span> <span class='ocrx_word' id='word_1_95' title='bbox 429 3404 737 3529; x_wconf 82' lang='lat' dir='ltr'><strong>profunditale,</strong></span> <span class='ocrx_word' id='word_1_96' title='bbox 768 3441 897 3529; x_wconf 87' lang='lat' dir='ltr'><strong>quem</strong></span> <span class='ocrx_word' id='word_1_97' title='bbox 923 3411 1033 3497; x_wconf 81' lang='lat' dir='ltr'><strong>forte</strong></span> <span class='ocrx_word' id='word_1_98' title='bbox 1061 3439 1087 3494; x_wconf 88' lang='lat' dir='ltr'><strong>a</strong></span> <span class='ocrx_word' id='word_1_99' title='bbox 1115 3408 1276 3498; x_wconf 87' lang='lat' dir='ltr'><strong>Citillis</strong></span> <span class='ocrx_word' id='word_1_100' title='bbox 1303 3435 1516 3527; x_wconf 88' lang='lat' dir='ltr'><strong>paratum,</strong></span> <span class='ocrx_word' id='word_1_101' title='bbox 1559 3412 1745 3528; x_wconf 80' lang='lat' dir='ltr'><strong>jugulato</strong></span> <span class='ocrx_word' id='word_1_102' title='bbox 1772 3404 1962 3527; x_wconf 67' lang='lat' dir='ltr'><strong>hospite,</strong></span> 
     </span>
     <span class='ocr_line' id='line_1_17' title="bbox 261 3558 1962 3681; baseline 0.001 -34"><span class='ocrx_word' id='word_1_103' title='bbox 261 3558 346 3651; x_wconf 85' lang='lat' dir='ltr'><strong>sibi</strong></span> <span class='ocrx_word' id='word_1_104' title='bbox 375 3565 548 3681; x_wconf 84' lang='lat' dir='ltr'><strong>adaptat</strong></span> <span class='ocrx_word' id='word_1_105' title='bbox 575 3586 620 3650; x_wconf 88' lang='lat' dir='ltr'><strong>et</strong></span> <span class='ocrx_word' id='word_1_106' title='bbox 647 3562 813 3649; x_wconf 88' lang='lat' dir='ltr'><strong>dilatat.</strong></span> <span class='ocrx_word' id='word_1_107' title='bbox 871 3560 1022 3649; x_wconf 85' lang='lat' dir='ltr'><strong>Inveni</strong></span> <span class='ocrx_word' id='word_1_108' title='bbox 1048 3559 1156 3647; x_wconf 86' lang='lat' dir='ltr'><strong>tales</strong></span> <span class='ocrx_word' id='word_1_109' title='bbox 1184 3561 1420 3667; x_wconf 88' lang='lat' dir='ltr'><strong>cuniculos,</strong></span> <span class='ocrx_word' id='word_1_110' title='bbox 1449 3563 1542 3650; x_wconf 85' lang='lat' dir='ltr'><strong>sine</strong></span> <span class='ocrx_word' id='word_1_111' title='bbox 1563 3565 1649 3649; x_wconf 92' lang='lat' dir='ltr'><strong>ulla</strong></span> <span class='ocrx_word' id='word_1_112' title='bbox 1670 3582 1813 3677; x_wconf 78' lang='lat' dir='ltr'><strong>egesta</strong></span> <span class='ocrx_word' id='word_1_113' title='bbox 1834 3564 1962 3665; x_wconf 76' lang='lat' dir='ltr'><strong>terra,</strong></span> 
     </span>
     <span class='ocr_line' id='line_1_18' title="bbox 264 3710 1965 3830; baseline -0.001 -30"><span class='ocrx_word' id='word_1_114' title='bbox 264 3715 438 3830; x_wconf 88' lang='lat' dir='ltr'><strong>oblique</strong></span> <span class='ocrx_word' id='word_1_115' title='bbox 469 3714 632 3830; x_wconf 83' lang='lat' dir='ltr'><strong>aliquot</strong></span> <span class='ocrx_word' id='word_1_116' title='bbox 659 3717 854 3800; x_wconf 88' lang='lat' dir='ltr'><strong>ulnarum</strong></span> <span class='ocrx_word' id='word_1_117' title='bbox 882 3712 1149 3828; x_wconf 84' lang='lat' dir='ltr'><strong>longitudine</strong></span> <span class='ocrx_word' id='word_1_118' title='bbox 1195 3717 1523 3821; x_wconf 80' lang='lat' dir='ltr'><strong>descendentes,</strong></span> <span class='ocrx_word' id='word_1_119' title='bbox 1541 3722 1545 3731; x_wconf 83' lang='lat'>&#39;</span> <span class='ocrx_word' id='word_1_120' title='bbox 1564 3738 1860 3802; x_wconf 82' lang='lat' dir='ltr'><strong>cum-camera</strong></span> <span class='ocrx_word' id='word_1_121' title='bbox 1887 3710 1965 3799; x_wconf 70' lang='lat' dir='ltr'><strong>vix</strong></span> 
     </span>
     <span class='ocr_line' id='line_1_19' title="bbox 268 3863 1967 3983; baseline 0.002 -34"><span class='ocrx_word' id='word_1_122' title='bbox 268 3867 321 3950; x_wconf 93' lang='lat' dir='ltr'><strong>ad</strong></span> <span class='ocrx_word' id='word_1_123' title='bbox 349 3866 495 3950; x_wconf 91' lang='lat' dir='ltr'><strong>ulnam</strong></span> <span class='ocrx_word' id='word_1_124' title='bbox 521 3868 749 3982; x_wconf 79' lang='lat' dir='ltr'><strong>profrmda,</strong></span> <span class='ocrx_word' id='word_1_125' title='bbox 793 3863 1045 3952; x_wconf 87' lang='lat' dir='ltr'><strong>mollissimo</strong></span> <span class='ocrx_word' id='word_1_126' title='bbox 1080 3866 1270 3981; x_wconf 83' lang='lat' dir='ltr'><strong>gramine</strong></span> <span class='ocrx_word' id='word_1_127' title='bbox 1306 3870 1455 3972; x_wconf 84' lang='lat' dir='ltr'><strong>larcta,</strong></span> <span class='ocrx_word' id='word_1_128' title='bbox 1499 3867 1665 3983; x_wconf 89' lang='lat' dir='ltr'><strong>aliaque</strong></span> <span class='ocrx_word' id='word_1_129' title='bbox 1703 3896 1761 3952; x_wconf 84' lang='lat' dir='ltr'><strong>ex</strong></span> <span class='ocrx_word' id='word_1_130' title='bbox 1788 3864 1967 3983; x_wconf 86' lang='lat' dir='ltr'><strong>proprio</strong></span> 
     </span>
     <span class='ocr_line' id='line_1_20' title="bbox 267 4012 1967 4135; baseline 0 -32"><span class='ocrx_word' id='word_1_131' title='bbox 267 4012 407 4103; x_wconf 92' lang='lat' dir='ltr'><strong>canali</strong></span> <span class='ocrx_word' id='word_1_132' title='bbox 435 4019 721 4103; x_wconf 87' lang='lat' dir='ltr'><strong>descendente</strong></span> <span class='ocrx_word' id='word_1_133' title='bbox 746 4014 1041 4135; x_wconf 82' lang='lat' dir='ltr'><strong>profundiore,</strong></span> <span class='ocrx_word' id='word_1_134' title='bbox 1069 4049 1149 4135; x_wconf 90' lang='lat' dir='ltr'><strong>pro</strong></span> <span class='ocrx_word' id='word_1_135' title='bbox 1172 4020 1340 4122; x_wconf 86' lang='lat' dir='ltr'><strong>cloaca,</strong></span> <span class='ocrx_word' id='word_1_136' title='bbox 1367 4042 1414 4106; x_wconf 89' lang='lat' dir='ltr'><strong>et</strong></span> <span class='ocrx_word' id='word_1_137' title='bbox 1440 4020 1568 4106; x_wconf 86' lang='lat' dir='ltr'><strong>tertio</strong></span> <span class='ocrx_word' id='word_1_138' title='bbox 1588 4020 1763 4105; x_wconf 87' lang='lat' dir='ltr'><strong>tandem</strong></span> <span class='ocrx_word' id='word_1_139' title='bbox 1784 4017 1967 4134; x_wconf 87' lang='lat' dir='ltr'><strong>obliquo</strong></span> 
     </span>
     <span class='ocr_line' id='line_1_21' title="bbox 269 4167 1964 4287; baseline 0.001 -34"><span class='ocrx_word' id='word_1_140' title='bbox 269 4190 315 4253; x_wconf 86' lang='lat' dir='ltr'><strong>ct</strong></span> <span class='ocrx_word' id='word_1_141' title='bbox 342 4167 590 4284; x_wconf 81' lang='lat' dir='ltr'><strong>longissimo</strong></span> <span class='ocrx_word' id='word_1_142' title='bbox 618 4169 779 4275; x_wconf 88' lang='lat' dir='ltr'><strong>canali,</strong></span> <span class='ocrx_word' id='word_1_143' title='bbox 808 4200 885 4286; x_wconf 88' lang='lat' dir='ltr'><strong>pro</strong></span> <span class='ocrx_word' id='word_1_144' title='bbox 912 4173 1117 4275; x_wconf 71' lang='lat' dir='ltr'><strong>seruanda</strong></span> <span class='ocrx_word' id='word_1_145' title='bbox 1143 4169 1255 4257; x_wconf 86' lang='lat' dir='ltr'><strong>intra</strong></span> <span class='ocrx_word' id='word_1_146' title='bbox 1281 4171 1589 4286; x_wconf 81' lang='lat' dir='ltr'><strong>conglaciatam</strong></span> <span class='ocrx_word' id='word_1_147' title='bbox 1614 4195 1769 4259; x_wconf 86' lang='lat' dir='ltr'><strong>terram</strong></span> <span class='ocrx_word' id='word_1_148' title='bbox 1789 4171 1964 4287; x_wconf 85' lang='lat' dir='ltr'><strong>praeda,</strong></span> 
     </span>
     <span class='ocr_line' id='line_1_22' title="bbox 269 4321 1973 4455; baseline 0.003 -51"><span class='ocrx_word' id='word_1_149' title='bbox 269 4344 313 4405; x_wconf 91' lang='lat' dir='ltr'><strong>et</strong></span> <span class='ocrx_word' id='word_1_150' title='bbox 351 4350 429 4437; x_wconf 93' lang='lat' dir='ltr'><strong>pro</strong></span> <span class='ocrx_word' id='word_1_151' title='bbox 457 4322 633 4436; x_wconf 80' lang='lat' dir='ltr'><strong>refugio.</strong></span> <span class='ocrx_word' id='word_1_152' title='bbox 707 4324 930 4409; x_wconf 82' lang='lat' dir='ltr'><strong>Accedunt</strong></span> <span class='ocrx_word' id='word_1_153' title='bbox 958 4323 1010 4406; x_wconf 91' lang='lat' dir='ltr'><strong>ad</strong></span> <span class='ocrx_word' id='word_1_154' title='bbox 1037 4354 1187 4440; x_wconf 85' lang='lat' dir='ltr'><strong>pagos,</strong></span> <span class='ocrx_word' id='word_1_155' title='bbox 1225 4326 1404 4440; x_wconf 83' lang='lat' dir='ltr'><strong>praedae</strong></span> <span class='ocrx_word' id='word_1_156' title='bbox 1440 4355 1584 4428; x_wconf 90' lang='lat' dir='ltr'><strong>causa,</strong></span> <span class='ocrx_word' id='word_1_157' title='bbox 1627 4352 1719 4408; x_wconf 92' lang='lat' dir='ltr'><strong>raro</strong></span> <span class='ocrx_word' id='word_1_158' title='bbox 1748 4345 1895 4409; x_wconf 86' lang='lat' dir='ltr'><strong>autem</strong></span> <span class='ocrx_word' id='word_1_159' title='bbox 1913 4321 1973 4455; x_wconf 56' lang='lat' dir='ltr'><strong>riu</strong></span> 
     </span>
     <span class='ocr_line' id='line_1_23' title="bbox 268 4471 1977 4590; baseline 0.001 -33"><span class='ocrx_word' id='word_1_160' title='bbox 268 4472 372 4588; x_wconf 87' lang='lat' dir='ltr'><strong>ipsis</strong></span> <span class='ocrx_word' id='word_1_161' title='bbox 399 4471 519 4590; x_wconf 81' lang='lat' dir='ltr'><strong>pagis</strong></span> <span class='ocrx_word' id='word_1_162' title='bbox 547 4472 757 4560; x_wconf 88' lang='lat' dir='ltr'><strong>habitant.</strong></span> <span class='ocrx_word' id='word_1_163' title='bbox 823 4473 951 4559; x_wconf 85' lang='lat' dir='ltr'><strong>Vitae</strong></span> <span class='ocrx_word' id='word_1_164' title='bbox 978 4474 1258 4578; x_wconf 86' lang='lat' dir='ltr'><strong>tenacissimi,</strong></span> <span class='ocrx_word' id='word_1_165' title='bbox 1301 4497 1348 4559; x_wconf 89' lang='lat' dir='ltr'><strong>ut</strong></span> <span class='ocrx_word' id='word_1_166' title='bbox 1377 4474 1449 4560; x_wconf 92' lang='lat' dir='ltr'><strong>diu</strong></span> <span class='ocrx_word' id='word_1_167' title='bbox 1477 4474 1748 4589; x_wconf 82' lang='lat' dir='ltr'><strong>strangulati,</strong></span> <span class='ocrx_word' id='word_1_168' title='bbox 1789 4474 1862 4560; x_wconf 82' lang='lat' dir='ltr'><strong>vel</strong></span> <span class='ocrx_word' id='word_1_169' title='bbox 1892 4472 1977 4559; x_wconf 85' lang='lat' dir='ltr'><strong>sub</strong></span> 
     </span>
     <span class='ocr_line' id='line_1_24' title="bbox 271 4604 1984 4743; baseline 0.001 -35"><span class='ocrx_word' id='word_1_170' title='bbox 271 4655 378 4740; x_wconf 88' lang='lat' dir='ltr'><strong>aqua</strong></span> <span class='ocrx_word' id='word_1_171' title='bbox 405 4623 593 4729; x_wconf 88' lang='lat' dir='ltr'><strong>detenti,</strong></span> <span class='ocrx_word' id='word_1_172' title='bbox 623 4625 749 4711; x_wconf 84' lang='lat' dir='ltr'><strong>facile</strong></span> <span class='ocrx_word' id='word_1_173' title='bbox 778 4625 1057 4727; x_wconf 70' lang='lat' dir='ltr'><strong>reviviscant,</strong></span> <span class='ocrx_word' id='word_1_174' title='bbox 1086 4626 1211 4713; x_wconf 84' lang='lat' dir='ltr'><strong>simul</strong></span> <span class='ocrx_word' id='word_1_175' title='bbox 1239 4610 1527 4732; x_wconf 82' lang='lat' dir='ltr'><strong>callidissimi,</strong></span> <span class='ocrx_word' id='word_1_176' title='bbox 1559 4604 1832 4743; x_wconf 75' lang='lat' dir='ltr'><strong>maximeque</strong></span> <span class='ocrx_word' id='word_1_177' title='bbox 1859 4656 1984 4713; x_wconf 61' lang='lat' dir='ltr'><strong>mor»</strong></span> 
     </span>
     <span class='ocr_line' id='line_1_25' title="bbox 273 4764 1989 4895; baseline 0.001 -36"><span class='ocrx_word' id='word_1_178' title='bbox 273 4776 397 4861; x_wconf 83' lang='lat' dir='ltr'><strong>daces</strong></span> <span class='ocrx_word' id='word_1_179' title='bbox 432 4800 477 4864; x_wconf 89' lang='lat' dir='ltr'><strong>et</strong></span> <span class='ocrx_word' id='word_1_180' title='bbox 515 4776 688 4872; x_wconf 86' lang='lat' dir='ltr'><strong>canibus</strong></span> <span class='ocrx_word' id='word_1_181' title='bbox 727 4778 848 4881; x_wconf 87' lang='lat' dir='ltr'><strong>ideo,</strong></span> <span class='ocrx_word' id='word_1_182' title='bbox 887 4800 935 4863; x_wconf 84' lang='lat' dir='ltr'><strong>et</strong></span> <span class='ocrx_word' id='word_1_183' title='bbox 961 4781 1020 4865; x_wconf 90' lang='lat' dir='ltr'><strong>ob</strong></span> <span class='ocrx_word' id='word_1_184' title='bbox 1045 4775 1304 4866; x_wconf 89' lang='lat' dir='ltr'><strong>horrendum</strong></span> <span class='ocrx_word' id='word_1_185' title='bbox 1331 4782 1558 4884; x_wconf 78' lang='lat' dir='ltr'><strong>foetorem,</strong></span> <span class='ocrx_word' id='word_1_186' title='bbox 1603 4808 1731 4895; x_wconf 88' lang='lat' dir='ltr'><strong>quem</strong></span> <span class='ocrx_word' id='word_1_187' title='bbox 1759 4764 1989 4893; x_wconf 73' lang='lat' dir='ltr'><strong>exagitati</strong></span> 
     </span>
     <span class='ocr_line' id='line_1_26' title="bbox 274 4926 1985 5057; baseline 0 -43"><span class='ocrx_word' id='word_1_188' title='bbox 274 4926 474 5031; x_wconf 80' lang='lat' dir='ltr'><strong>fundunt,</strong></span> <span class='ocrx_word' id='word_1_189' title='bbox 516 4930 861 5049; x_wconf 83' lang='lat' dir='ltr'><strong>quam-maxime</strong></span> <span class='ocrx_word' id='word_1_190' title='bbox 898 4931 1052 5055; x_wconf 70' lang='lat' dir='ltr'><strong>exosi..</strong></span> <span class='ocrx_word' id='word_1_191' title='bbox 1073 4934 1268 5057; x_wconf 64' lang='lat' dir='ltr'><strong>‚Clamor</strong></span> <span class='ocrx_word' id='word_1_192' title='bbox 1308 4932 1411 5021; x_wconf 87' lang='lat' dir='ltr'><strong>irati</strong></span> <span class='ocrx_word' id='word_1_193' title='bbox 1429 4935 1539 5043; x_wconf 55' lang='lat' dir='ltr'><strong>¹lere</strong></span> <span class='ocrx_word' id='word_1_194' title='bbox 1581 4932 1985 5025; x_wconf 70' lang='lat' dir='ltr'><strong>Picaa&#39;jcaudatac·</strong></span> 
     </span>
    </p>
   </div>
   <div class='ocr_carea' id='block_1_8' title="bbox 1125 5074 1168 5257">
    <p class='ocr_par' dir='ltr' id='par_1_8' title="bbox 1125 5074 1168 5257">
     <span class='ocr_line' id='line_1_27' title="bbox 1125 5074 1168 5257; baseline 0 0"><span class='ocrx_word' id='word_1_195' title='bbox 1125 5074 1168 5257; x_wconf 74' lang='lat' dir='ltr'><strong>l</strong></span> 
     </span>
    </p>
   </div>
   <div class='ocr_carea' id='block_1_9' title="bbox 0 0 2223 5908">
    <p class='ocr_par' dir='ltr' id='par_1_9' title="bbox 0 0 2223 5908">
     <span class='ocr_line' id='line_1_28' title="bbox 0 0 2223 5908; baseline 0 0"><span class='ocrx_word' id='word_1_196' title='bbox 0 0 2223 5908; x_wconf 95' lang='lat' dir='ltr'><strong> </strong></span> 
     </span>
    </p>
   </div>
  </div>
 </body>
</html>
