4410 5910
714 650 1115 763 GENUSII.
1189 651 1481 764 CAN-Es
1656 741 1660 747 .

387 1025 631 1135 Secundum
669 1020 754 1112 hoc
796 1023 1032 1144 Rapaeium
1058 1024 1378 1145 quadrupedum
1412 1051 1557 1148 genus,
1595 1050 1727 1137 aeque
1755 1022 1956 1108 naturale

254 1208 303 1267 sc
331 1178 532 1301 primum,
561 1176 668 1264 adeo
697 1176 842 1262 affines
870 1179 1064 1266 continet
1088 1176 1270 1299 species,
1298 1198 1347 1262 ut
1372 1174 1505 1261 etiam
1530 1171 1738 1291 plurimae
1765 1170 1879 1259 inter
1906 1192 1955 1261 ae

252 1329 457 1445 congredi
484 1351 529 1415 et
555 1326 783 1446 hybridam
809 1330 978 1446 prolem
1002 1332 1189 1449 gignere,
1218 1326 1582 1417 observationibus
1598 1323 1844 1423 certissimis
1864 1332 1956 1439 jam

253 1482 354 1568 'satis
381 1501 560 1566 constet.
603 1480 767 1567 Cuncta
794 1479 918 1595 hujus
944 1484 1108 1600 generis
1136 1481 1337 1568 animalia
1360 1477 1493 1597 magis
1512 1477 1695 1580 incursu,
1718 1464 1853 1593 'quam
1874 1477 1956 1566 im·

254 1655 358 1751 petu
384 1653 429 1716 et
455 1631 644 1735 saltibus,
671 1654 721 1717 ut
746 1632 881 1737 Feles,
920 1638 1122 1752 praedam
1150 1655 1443 1750 assequuntur,
1482 1629 1690 1747 quaedam
1723 1627 1954 1735 solitariae,

257 1783 341 1870 alia
367 1781 625 1870 cohortatim
653 1806 880 1884 venantum
921 1787 1117 1873 omnibus
1146 1816 1289 1873 sensus
1317 1786 1513 1870 odoratus
1542 1780 1694 1895 magis,
1736 1811 1865 1896 quam
1892 1810 1956 1868 re·

256 1933 386 2052 liquis
415 1934 639 2050 generibus
677 1937 887 2050 perfectus
914 1960 962 2022 et
987 1960 1145 2025 acutus.
1209 1941 1251 2023 V
1248 1937 1488 2022 arietatibus
1514 1930 1669 2018 coloris
1695 1931 1830 2048 magis
1859 1954 1959 2019 sunt

255 2085 459 2190 obnoxia,
489 2114 618 2201 quam
645 2084 773 2186 leles3
802 2090 975 2176 Catulos
998 2086 1047 2174 in
1074 2117 1227 2203 genere
1254 2086 1422 2204 pariunt
1448 2084 1767 2172 numerosiores.
1810 2090 1861 2170 In
1888 2115 1958 2173 co·

256 2237 360 2359 pula
384 2234 522 2321 invita
550 2234 793 2344 cohaerent,
820 2262 994 2358 propter
1019 2269 1173 2359 penem
1199 2240 1425 2328 bulbosum
1444 2236 1491 2323 in
1519 2259 1614 2322 actu
1633 2256 1959 2350 turgescentem,

260 2419 353 2478 osse
381 2409 511 2490 recto,
539 2385 699 2504 insigni
724 2389 990 2479 instmctum.
1020 2447 1071 2463 -
1110 2391 1315 2481 Omnium
1342 2393 1429 2476 lere
1456 2387 1693 2519 speeiemm
1721 2416 1807 2473 vox
1832 2388 1958 2474 latra-

259 2560 327 2627 tus
354 2536 471 2627 varie
497 2537 775 2647 modificatus,
803 2543 1056 2660 quibusdam
1084 2544 1374 2632 creberrimus.
1402 2595 1458 2609 —
1498 2545 1640 2626 Genus
1667 2538 1957 2656 noctivagum,

262 2688 495 2778 cursorium
520 2719 668 2777 omnes
694 2690 808 2780 orbis
835 2720 975 2813 partes
1001 2697 1206 2815 pervasit,
1244 2718 1289 2781 et
1319 2696 1366 2781 in
1400 2693 1644 2789 Americam
1680 2693 1839 2777 multae
1868 2720 1957 2811 spe

264 2845 426 2952 clerum
452 2871 529 2961 per
556 2848 767 2962 Europam
804 2869 851 2933 et
888 2847 1035 2935 Asiam
1075 2876 1244 2936 omnem
1287 2875 1484 2964 vagarum
1524 2846 1844 2932 transfretarunt
1883 2872 1958 2963 per

265 2996 446 3109 glaciem
472 2995 763 3085 subarcticam.

746 3365 791 3453 8.
880 3357 1130 3451 CANIS
1187 3362 1480 3484 Hyoenu.

406 3609 455 3697 C.
485 3609 586 3695 setis
612 3608 727 3695 dorsi
755 3609 947 3725 arriguis,
988 3642 1166 3728 corpore
1194 3641 1369 3728 gryseo·
1382 3613 1518 3709 fusco,
1550 3608 1726 3692 maculis
1752 3632 1958 3695 transver-

270 3760 348 3844 sim
375 3759 549 3874 virgatis
576 3758 726 3875 sparsis
754 3759 897 3874 nigris,
925 3762 1082 3878 plantis
1115 3760 1437 3878 pentadactylis.

319 4004 323 4012 ·
488 3966 615 4058 Canis
641 3974 828 4083 Hyaena,
857 3972 948 4055 Lin-
974 3991 1081 4082 syst.
1110 3974 1207 4055 ΧΠ.
1234 3975 1270 4055 Ι.
1304 4004 1348 4087 p.
1378 3982 1443 4056 58.
1481 3998 1544 4082 sp·
1573 3968 1956 4055 escensurum

541 4123 619 4204 ΠΙ.
647 4120 734 4207 tab.
761 4133 829 4230 96.

485 4334 674 4444 ilyeens,
702 4332 884 4417 Brisson.
912 4331 1059 4446 quadr.
1087 4363 1128 4443 p.
1163 4343 1251 4437 169.
1281 4330 1447 4441 Bassos.
1473 4333 1567 4415 hist.
1596 4348 1681 4412 nat.
1712 4332 1763 4412 V.
1790 4362 1833 4444 p.
1865 4340 1955 4415 ass.

539 4482 625 4567 tob.
655 4495 721 4568 ad.

485 4688 655 4805 Striped
682 4696 871 4804 Hyaena,
900 4688 1023 4774 Penn.
1052 4719 1147 4799 syn.
1176 4722 1217 4805 p.
1253 4702 1341 4776 161.
1369 4719 1408 4772 n.
1444 4699 1531 4771 rid.

486 4899 532 4982 P.
561 4900 674 4986 detta
704 4902 822 4986 Valle
851 4906 941 4983 itin.
969 4897 1168 5008 (Amstel.
1203 4909 1319 4982 1666.
1347 4902 1440 5007 ato)
1468 4897 1580 4979 Part.
1608 4894 1682 4978 W.
1709 4926 1752 5009 p.
1781 4909 1848 5002 95.
