4410 5910
256 467 350 554 sos·
1011 439 1170 516 4·ξὲ-

476 667 688 768 Jubart'es,
715 644 848 751 Klein.
878 672 979 781 pise.
1008 670 1119 750 miss.
1147 666 1203 747 ΙΙ.
1234 694 1275 779 p
1311 674 1373 748 23.

314 902 320 911 ,
474 821 658 907 Balaena
684 825 849 934 Boops,
874 820 965 902 lin.
993 836 1100 929 ayss
1127 819 1225 900 ΧΙΙ.
1253 817 1287 899 Ι.
1317 845 1416 929 pag.
1452 825 1541 902 106.
1569 843 1633 929 tp.
1661 828 1704 904 3
1738 818 1949 915 Sclaeber.

478 978 742 1058 ¹rrsrtmmol.
772 980 877 1056 icon.

390 1125 575 1213 Videtur
602 1120 730 1236 hujus,
753 1120 912 1237 speciei
941 1121 1068 1206 fuisse
1108 1122 1318 1221 Balaena,
1356 1147 1484 1234 quam
1524 1150 1637 1207 anno
1669 1142 1772 1235 ¹742
1801 1122 1851 1210 in
1888 1130 1956 1215 na

256 1279 347 1367 aula
375 1275 566 1390 Beringii
592 1276 812 1390 naufragus
849 1278 1043 1361 Stellerrss
1082 1275 1265 1359 laceram
1300 1302 1325 1357 a
1352 1271 1459 1356 mari
1485 1278 1669 1385 ejectam
1710 1274 1953 1365 observavit

256 1453 304 1517 et
343 1432 400 1517 de
442 1461 525 1545 qua
566 1451 817 1542 sequentem
856 1424 1206 1542 descriptionem,
1249 1445 1345 1511 utut
1384 1455 1578 1512 mancam
1616 1424 1664 1513 in
1700 1426 1952 1516 adremmfis

256 1583 339 1671 reli
395 1583 451 1669 it:

337 1615 568 1824 quDeser.
632 1739 739 1841 „Ad
781 1757 1016 1822 extremam
1056 1737 1235 1821 caudam
1274 1733 1400 1849 longa
1441 1757 1533 1821 erat
1570 1746 1624 1822 so
1662 1735 1797 1851 pedes
1841 1730 1950 1848 angl.

256 1919 385 1998 „cum
418 1926 434 1974 1
465 1888 638 2006 pollice.
698 1891 838 2005 Caput
862 1911 1055 2005 quartam
1083 1887 1258 1973 circiter·
1287 1909 1454 2002 partem
1498 1885 1629 1973 totins
1671 1882 1950 2003 longitudinis

256 2043 513 2150 „efficiebat
569 2044 641 2127 Ab
670 2040 793 2161 apice
821 2040 1021 2126 maxillae
1051 2036 1277 2156 superioris
1306 2041 1361 2123 ad
1396 2040 1542 2126 oeulos
1587 2074 1635 2124 rs
1673 2040 1776 2156 ped.
1820 2038 1947 2125 can&

254 2193 490 2312 „forcipem
517 2193 603 2278 lata
638 2208 685 2280 16
713 2196 812 2308 ped.
869 2191 1098 2280 Pinnarum
1124 2187 1347 2305 longitudo
1383 2225 1430 2275 ιο
1458 2193 1558 2307 ped,
1587 2188 1772 2277 latitudo
1800 2204 1828 2280 6
1855 2190 1946 2307 ped·

254 2351 407 2450 ,·,Anus
433 2348 486 2431 ab
515 2345 635 2462 apice
664 2345 789 2431 rostri
825 2346 1009 2432 distabat
1048 2359 1104 2432 35
1128 2346 1227 2459 ped.
1297 2342 1523 2429 Diameter
1559 2341 1684 2429 bulbi
1722 2342 1844 2429 oculi
1880 2337 1944 2428 tri·

255 2497 535 2612 „pollicaris.,
584 2499 659 2581 sed
706 2519 882 2582 externa
930 2526 1079 2582 eorum
1128 2519 1322 2612 apertura
1366 2504 1433 2581 2⁰.
1467 2503 1540 2601 4'''.
1582 2494 1794 2582 diameter
1832 2490 1946 2581 iridis

257 2651 451 2753 „1‘'.6‘''.
508 2652 705 2735 Foemins
731 2672 840 2752 erat,
885 2651 1008 2734 dorso
1036 2649 1082 2733 in
1111 2646 1247 2733 arenis
1274 2647 1550 2749 delitescens,
1589 2669 1639 2733 nt
1665 2650 1858 2764 perfecte
1882 2646 1946 2731 de·

256 2799 416 2905 „scribi
443 2831 529 2886 non
557 2823 714 2916 posset.
770 2805 954 2887 Maxilla
980 2810 1162 2916 superior
1189 2833 1213 2884 a
1240 2801 1385 2885 fraeno
1412 2800 1498 2885 oris
1538 2799 1696 2885 sensim
1738 2796 1946 2915 angustior

255 2974 331 3057 „et
359 2952 540 3057 acutior,
586 2974 634 3037 ut
660 2952 785 3037 rostri
814 2953 1063 3038 extremitas
1088 2955 1261 3037 tandem
1290 2951 1364 3036 vix
1393 2950 1638 3067 bipollicari
1665 2952 1808 3039 latior.
1875 2950 1945 3035 la·

254 3105 355 3207 „bio
382 3105 519 3211 nulla,
557 3108 633 3190 sed
659 3132 804 3219 margo
832 3104 1020 3189 exterior
1045 3134 1272 3191 convexus.
1344 3108 1460 3187 Intra
1486 3101 1725 3218 marginem
1749 3103 1944 3189 maxillas

255 3278 330 3362 „et
356 3257 545 3373 palatum
573 3255 733 3342 canalis
761 3257 899 3342 sulcus
927 3255 1128 3369 utrinque
1152 3256 1414 3372 exsculptus,
1447 3284 1578 3372 usque
1605 3256 1661 3340 ad
1686 3256 1834 3370 gulam
1859 3280 1944 3372 pto·

254 3411 458 3517 „ductum
485 3409 555 3495 cui
583 3409 716 3492 infixa
743 3430 807 3492 est
835 3410 972 3495 trabes
994 3411 1217 3522 quadrata,
1244 3426 1270 3511 4
1292 3406 1472 3523 pollices
1492 3410 1579 3494 alta
1586 3468 1605 3508 ,
1627 3407 1835 3513 candida,
1861 3406 1944 3493 sub·

253 3559 464 3665 „stantiae
493 3587 693 3664 corneae,
723 3588 831 3673 quae
860 3560 1031 3646 laminis
1060 3559 1225 3645 corneis
1253 3558 1376 3646 basin
1394 3563 1585 3677 praebet.
1643 3562 1843 3647 hmines
1864 3586 1946 3645 oar·

254 3739 392 3815 „neae
419 3738 668 3825 unaquaque
700 3713 821 3795 trabe
861 3711 1033 3797 circiter
1075 3732 1152 3817 ²4⁰
1196 3710 1332 3827 prima
1372 3709 1720 3830 semipallicaris,
1734 3760 1748 3771 -
1763 3711 1943 3828 reliquas

254 3859 444 3965 „sensim
471 3859 684 3973 longiores
722 3863 777 3947 ad
814 3863 975 3950 medias
1015 3893 1164 3978 usque,
1209 3864 1546 3980 5ve16pedes
1575 3865 1702 3969 sitm,
1746 3896 1772 3949 a
1799 3863 1941 3980 qnibm

254 4015 426 4116 „denuo
453 4041 595 4097 versus
621 4013 764 4129 gulam
792 4018 1055 4102 decrescunt.
1125 4022 1216 4100 Hae
1244 4015 1429 4102 laminae
1468 4015 1582 4102 inter
1621 4046 1667 4103 se
1706 4015 1941 4134 parnldss

253 4163 547 4278 „aliquantum
587 4187 822 4253 extrorsum
862 4189 1060 4285 vergunt,
1114 4170 1238 4255 dorso
1285 4196 1370 4282 quo
1409 4168 1518 4255 foras
1558 4191 1752 4286 spectant
1793 4188 1941 4265 acutat,

252 4344 424 4420 „versus
452 4321 593 4404 fauces
621 4317 667 4403 in
696 4320 819 4405 fibras
846 4319 1089 4437 capillares,
1119 4319 1422 4437 semipedales,
1466 4319 1566 4407 setis
1594 4319 1762 4436 equinis
1791 4317 1940 4407 similet

252 4465 503 4575 „fatiscunt,
547 4470 888 4559 extremitatibus
926 4471 974 4558 in
1003 4503 1181 4559 acumen
1217 4471 1446 4559 attenuatis
1470 4472 1517 4557 in
1544 4473 1688 4589 gulam
1715 4492 1936 4590 vergentes

251 4623 466 4724 „Maxilla
508 4618 693 4732 inferior,
734 4652 842 4737 quae
883 4632 968 4740 jam
1010 4648 1101 4712 erat
1128 4625 1291 4725 ablata,
1333 4650 1500 4713 constat
1526 4657 1552 4712 e
1579 4627 1746 4711 duobus
1773 4625 1933 4721 ossibus

249 4770 451 4870 „femoris
480 4770 669 4860 hominis
697 4775 857 4861 robusti
887 4777 1076 4863 crassitie
1105 4779 1298 4897 paribus,
1337 4778 1508 4885 solidis,
1546 4779 1687 4867 cultro
1713 4798 1855 4864 tamen
1879 4798 1935 4857 te·

251 4920 480 5023 „dentibus
508 4947 552 5015 et
577 4926 798 5043 fissilibus,
830 4960 854 5017 e
884 4930 1036 5050 quibus
1065 4929 1383 5025 Csmtschadali
1416 4930 1635 5023 uahmurn
1657 4932 1800 5024 soleas
1825 4922 1933 5019 coni
