4410 5910
988 308 1136 361 Β
1814 304 1904 391 399

437 472 650 603 Cerasias,
680 500 862 587 Brissou.
892 533 975 588 mu
1004 508 1060 591 H.
1091 538 1132 622 p.
1161 518 1201 593 3.
1232 506 1318 593 tab.
1354 540 1388 592 r.
1415 509 1501 621 fig.
1537 543 1571 589 1.
1668 488 1673 497 ’

351 734 354 738 ,
433 648 528 735 The
558 649 763 765 Chough,
790 655 910 742 Zool.
940 657 1033 742 bru.
1063 691 1104 775 p.
1134 671 1201 746 63.
1229 661 1315 746 tab.
1344 663 1412 747 tr.
1448 666 1669 772 (tanquam
1693 653 1902 771 singulare

486 833 638 917 genus,
667 827 764 920 post
791 813 997 923 Upupas).

432 952 592 1040 Corvus
620 958 844 1057 Graculus,
870 963 960 1046 Lin.
988 983 1096 1072 syst.
1124 965 1162 1044 I.
1187 996 1228 1077 p.
1260 976 1352 1050 158.
1388 993 1450 1076 sp.
1487 976 1547 1048 ιδ.

404 1091 630 1193 ‘coracias
658 1111 736 1194 des
761 1111 898 1225 alpes,
928 1117 1093 1223 Buffon.
1123 1126 1209 1201 om·
1236 1118 1314 1197 ΙΙΙ.
1341 1147 1383 1230 p.
1419 1150 1453 1201 ι.
1498 1113 1584 1199 tab.
1621 1149 1655 1198 1.
1696 1111 1900 1199 D'auben·

488 1280 571 1345 ton.
601 1270 704 1348 icon.
734 1271 812 1349 col.
841 1297 882 1347 n.
911 1278 1004 1354 255.
1812 1271 1822 1291 ⁴

321 1409 496 1497 Rossice
533 1415 660 1498 Grion
667 1451 682 1511 ‚·
723 1418 778 1503 ad
815 1413 1027 1502 Jenisearn
1051 1421 1309 1536 Komnmjo
1348 1419 1485 1503 Golka
1524 1415 1573 1526 (i.
1603 1445 1641 1500 e.
1671 1417 1903 1502 Moneduia
1948 1419 1977 1469 θ

374 1563 611 1679 rupestris).
667 1565 832 1651 Tataris
861 1568 914 1651 ad
941 1568 1153 1657 Jeniscam
1180 1573 1367 1656 Claudum
1394 1570 1465 1652 vel
1490 1570 1676 1663 Καέιὰης
1705 1552 1900 1680 Sagayta·

371 1714 474 1800 taris
501 1718 678 1828 Sugluk,
708 1741 753 1803 et
780 1718 1031 1833 quibusdam
1050 1722 1308 1832 (adnotante
1337 1717 1692 1828 Messerscmidio)
1733 1719 1900 1803 Parum·

376 1873 507 1955 rosch.
564 1867 744 1983 Vogulis
771 1893 815 1956 et
843 1870 1026 1959 Ostiacis
1054 1877 1143 1960 Kir.
1200 1869 1416 1986 Mongolis
1436 1873 1657 1985 Schugnuz.
1715 1875 1900 1955 Motoro·
2026 1850 2032 1861 ⁶

372 2019 609 2134 Samojedis
635 2018 777 2123 Auara.
869 2104 873 2109 .
1664 2039 1668 2051 '

345 2170 470 2260 Circa
500 2176 734 2262 Caucasum
761 2173 899 2259 rarius-
920 2178 1185 2282 observatur,
1234 2171 1382 2260 sedin
1409 2174 1565 2290 apricis
1588 2171 1823 2289 subalpinis
1847 2175 1901 2256 ad

202 2319 444 2420 teniseam,
491 2323 538 2409 in
585 2312 909 2441 regionibusque
950 2326 1371 2415 transba'r'calensibus
1411 2325 1726 2440 vulgatissima,
1773 2323 1904 2413 etiam

204 2473 364 2591 hyeme
391 2509 477 2564 non
506 2477 702 2565 discedit.
772 2476 936 2565 Vivant
980 2512 1057 2597 per
1082 2478 1201 2596 paria
1226 2510 1320 2563 mas
1344 2501 1392 2563 et
1415 2478 1602 2564 foemina
1643 2475 1905 2592 inseparabi-

204 2629 268 2717 les
297 2629 423 2733 socii,
462 2630 575 2716 circa
604 2635 816 2737 excelsas,
857 2633 1126 2749 maximeque
1154 2653 1401 2749 praeruptas
1438 2661 1565 2746 rupes
1602 2652 1647 2715 et
1681 2627 1902 2716 cacumina

202 2780 454 2884 volitantes,
493 2782 631 2896 longis
659 2785 742 2869 suis
772 2783 852 2868 alis
878 2784 1009 2869 instar
1036 2786 1287 2888 Falconum,
1332 2791 1607 2899 Meropumve
1635 2782 1830 2868 innantes
1858 2805 1904 2870 et

202 2956 415 3048 gyrantes.
486 2936 528 3017 V
524 2965 580 3020 ox
608 2934 721 3021 inter
748 2934 977 3020 volandum
1012 2939 1227 3050 frequens,
1271 2966 1442 3040 sonora,
1482 2935 1721 3036 modulata,
1762 2934 1903 3021 Orioli

202 3087 390 3185 aemula3
431 3086 589 3171 territis
629 3089 701 3174 vel
729 3085 988 3172 mirabundis
1016 3087 1232 3173 interdum
1271 3086 1399 3174 Picae
1441 3086 1614 3171 clamor.
1681 3089 1901 3168 Autumno

200 3236 344 3356 proles
373 3267 470 3322 curn
496 3237 740 3354 parentibus
769 3240 886 3325 volat
913 3259 957 3323 et
984 3236 1208 3355 Ephedrae
1246 3240 1397 3324 baccas
1436 3237 1486 3322 in
1525 3235 1680 3352 apricis
1715 3207 1901 3349 scopulis

154 3474 163 3484 ,
201 3386 330 3475 aride
367 3389 493 3504 legit3
536 3390 639 3474 alias
681 3383 976 3476 insectivorae.
1061 3393 1195 3478 Nidus
1236 3391 1507 3489 inaccessus,
1546 3419 1685 3504 neque
1726 3384 1811 3470 nisi
1851 3385 1902 3470 iu

200 3543 377 3627 summis
405 3544 511 3631 locis
540 3544 752 3647 considet,
788 3540 1010 3629 hominem
1036 3542 1221 3630 maxime
1250 3541 1426 3643 timens3
1455 3564 1504 3626 ut
1530 3572 1617 3628 non
1644 3537 1728 3627 nisi
1754 3539 1902 3625 volan·

196 3714 290 3778 tem
318 3695 501 3783 occidas.
568 3700 652 3781 Sed
680 3695 821 3781 occiso
849 3727 960 3796 uno,
1002 3694 1180 3783 comites
1207 3692 1452 3781 mirabtmdi
1491 3725 1591 3778 cnm
1617 3693 1805 3779 clamore
1830 3721 1898 3775 su·

196 3876 276 3964 pra
304 3849 546 3935 exanimem
575 3847 776 3952 volitant,
806 3849 1018 3935 venatoris
1046 3848 1226 3947 oblitae,
1256 3868 1301 3931 et
1321 3844 1447 3930 facile
1464 3841 1730 3930 occiduntur.
1786 3843 1900 3928 Con·

197 4022 423 4113 gregantur
448 4002 662 4089 interdum
691 4032 788 4087 cum
816 3999 978 4089 Corvis.
1035 4000 1107 4084 Ad
1133 4028 1262 4114 pagos
1290 3995 1625 4080 inter-montanos
1657 4025 1744 4079 non
1780 3990 1897 4077 timi·
1983 3988 1987 3993 ⁴

196 4154 255 4238 de
286 4152 486 4241 advolant
512 4176 557 4239 et
583 4155 630 4239 in
659 4152 800 4239 vicina
828 4182 953 4268 saepe
982 4179 1086 4268 rupe
1114 4148 1264 4234 nidum
1294 4151 1506 4249 condunt,
1540 4148 1617 4231 sed
1645 4148 1699 4231 ab
1725 4144 1897 4229 insueto

193 4304 374 4392 homine
403 4307 671 4393 cautissimae
700 4306 868 4390 timent.
937 4302 1118 4420 Vesperi
1157 4325 1300 4388 tamen
1336 4299 1383 4384 in
1410 4299 1506 4385 loca
1533 4296 1793 4423 depressiora
1821 4297 1896 4380 de·

193 4463 404 4545 scendunt
432 4484 477 4545 et
505 4461 669 4545 insecta
697 4458 844 4572 legunt
869 4454 1006 4541 humi.

306 4614 484 4699 Descr.
542 4610 647 4700 Avis
689 4643 712 4694 a
753 4613 986 4698 corvorum
1026 4637 1178 4722 genere
1215 4603 1314 4690 satis
1344 4601 1503 4704 aliena,
1543 4599 1662 4686 inter·
1685 4600 1890 4714 Caryoca·

191 4786 355 4853 tactem
382 4790 427 4851 et
455 4770 626 4850 Sturnos
655 4764 727 4849 vel
764 4764 962 4850 Graculas
988 4763 1145 4848 media.
1199 4763 1393 4847 Rostrum
1419 4752 1610 4856 tenuius,
1637 4754 1894 4857 subulatum,
