4410 5910
1031 347 1177 427 'a'
1851 374 1943 458 sss

262 599 359 658 cum
386 567 630 684 conjugibus
658 569 884 676 incubent,
928 601 1109 689 paucos,
1151 600 1326 677 coecos,
1364 571 1619 691 impotentes
1648 598 1694 662 et
1718 572 1963 691 implumes·

259 723 399 838 pullos
435 725 683 825 excludant,
739 753 895 838 eosque
923 753 978 809 ex
1014 727 1193 839 prolobo
1222 727 1359 830 alant,
1411 726 1559 812 nidum
1594 749 1756 812 struant
1784 726 1830 809 in
1859 725 1947 811 alto

261 897 305 958 et
332 904 481 989 corpus
509 875 653 959 lavent
665 937 679 975 ,
712 905 797 960 non
826 876 1109 991 pulverentur.
1168 880 1273 961 Sunt
1300 900 1518 992 praeterea
1546 878 1745 963 altivolae
1775 899 1820 963 et
1847 905 1947 962 coe·

257 1055 328 1110 cas
357 1026 611 1141 appendices
638 1027 730 1113 tubi
756 1028 1013 1112 intestinalis
1039 1059 1186 1142 parvas
1215 1028 1424 1114 obtinent.
1457 1081 1507 1099 -
1547 1038 1589 1114 A
1623 1032 1836 1143 Fringillis
1863 1020 1948 1109 eti-

258 1207 326 1260 am
356 1177 488 1292 magis
516 1178 719 1264 differunt
746 1201 878 1264 rostro
907 1178 1029 1264 molli
1059 1201 1104 1262 et
1131 1178 1322 1283 imbelli,
1351 1178 1521 1288 lingua,
1560 1184 1718 1297 pedum
1746 1177 1948 1267 constitu·

256 1327 404 1425 tione,
445 1331 647 1444 prolobo,
682 1331 933 1417 educatione
963 1354 1008 1416 et
1034 1359 1210 1416 numero
1238 1333 1475 1446 pullorum,
1515 1334 1801 1434 cucuritione3
1829 1328 1947 1414 aliis·

264 1507 361 1591 que.
394 1533 442 1548 -
474 1483 557 1566 Sed
586 1482 640 1566 iis
667 1482 771 1598 ipsis
799 1483 1049 1581 momentis,
1092 1486 1242 1598 quibus
1270 1519 1295 1569 a
1323 1456 1574 1600 supradictis
1603 1486 1828 1586 differunt,
1858 1511 1948 1568 om·

257 1629 387 1744 nique
414 1657 571 1746 puncto
604 1632 775 1720 habitus
813 1658 936 1748 atque
971 1666 1154 1734 morum,
1210 1661 1260 1723 ut
1285 1658 1329 1721 et
1364 1635 1551 1749 corporis
1584 1634 1947 1735 conformatione,

262 1783 467 1886 volatura,
500 1807 658 1884 rostro,
688 1786 946 1886 interaneis,
975 1789 1206 1876 nutritione
1232 1787 1448 1906 pullorum
1475 1816 1704 1903 eorumque
1733 1783 1944 1874 coecitate

256 1906 428 2041 nativa,
484 1937 679 2050 proxime
707 1941 761 2023 ad
801 1940 972 2023 Oscines
1006 1960 1166 2024 nostras
1195 1944 1428 2038 accedunt,
1486 1945 1671 2037 cecato,
1725 1937 1946 2036 Alaudae,

258 2084 477 2172 Hirundini
506 2088 645 2203 potius
674 2090 1008 2204 comparandae,
1048 2120 1176 2203 quarn
1203 2091 1273 2174 vel
1301 2091 1558 2179 Gallinaceis
1570 2151 1585 2189 ,
1612 2091 1683 2174 vel
1712 2083 1946 2201 Fringillis.

257 2235 355 2319 Sola
383 2235 572 2352 ingluvie
601 2239 834 2355 insigniore
863 2239 1089 2343 differunt,
1130 2274 1251 2358 ·quae
1278 2266 1422 2329 tamen
1449 2244 1700 2360 quibusdem
1737 2234 1947 2326 Oscinum

254 2414 420 2501 quoque
444 2392 665 2506 generibus
685 2422 769 2478 non
785 2393 911 2510 plane
939 2392 1056 2478 nulla
1080 2417 1157 2480 est.
1214 2396 1325 2482 Hinc
1352 2398 1533 2514 liujus,
1561 2393 1635 2509 qui
1663 2392 1948 2503 Zoologorum

252 2546 443 2630 omnium
484 2545 716 2631 castissime
753 2568 943 2630 naturam
984 2569 1149 2632 secutus
1187 2571 1273 2652 est,
1316 2546 1473 2634 rectius
1512 2576 1638 2661 quam
1664 2554 1948 2639 recentiores,

254 2695 366 2781 inter
415 2698 708 2782 Gallinaceum
764 2697 957 2784 ordinem
998 2720 1043 2782 et
1082 2696 1269 2784 minores
1309 2700 1487 2786 Osciues
1513 2731 1602 2788 ,seu
1616 2695 1916 2783 ·tenuirostres
1927 2751 1945 2794 ,

253 2877 357 2960 quas
385 2847 493 2931 item
520 2849 630 2932 male
658 2849 803 2933 omino
831 2853 972 2933 Linn
990 2879 1129 2932 aeus
1168 2850 1222 2932 ad
1248 2857 1440 2934 Passer-es
1464 2880 1559 2936 suos
1586 2854 1739 2950 refert,
1782 2845 1947 2930 medias

252 2998 394 3113 posuit
422 3000 673 3103 Columbae,
727 2999 803 3083 sed
829 3027 928 3084 cum
954 2995 1024 3081 his
1051 2997 1154 3113 ipsis
1183 3001 1515 3100 tenuirosmbus,
1571 2999 1624 3080 ad
1651 3003 1839 3081 Naturae
1868 3024 1945 3080 nu·

253 3169 371 3249 tum,
398 3149 446 3235 in
472 3151 653 3237 naturali
681 3149 887 3238 methodo
916 3148 1122 3238 oscinum
1149 3146 1291 3236 ordini
1318 3149 1459 3267 potius
1487 3171 1583 3234 sunt
1611 3147 1875 3235 inserendae.

465 3515 469 3523 ἱ
610 3425 745 3507 ma
837 3399 1294 3494 COLUMBA
1383 3348 1592 3494 Omw.

389 3610 440 3696 C.
483 3610 961 3705 lusco-coerulescens,
1008 3607 1124 3694 collo
1151 3606 1433 3712 versicolore,
1468 3605 1599 3694 fascia
1625 3609 1788 3697 alarum
1814 3633 1944 3695 annu·

249 3761 331 3848 lari
358 3760 502 3876 nigra,
530 3759 758 3847 rectricum
788 3759 1002 3847 dilutiore.

475 3914 708 4018 Columba,
765 3917 934 4010 Oenas,
975 3916 1066 3998 Lin.
1095 3931 1200 4027 syst.
1227 3913 1324 3998 XII.
1353 3915 1388 3998 1.
1420 3947 1462 4030 p.
1492 3947 1585 4025 279.
1612 3945 1676 4031 sp.
1711 3950 1752 4000 ι.
1775 3913 1943 4023 Buffon.

528 4064 1513 4181 omstpmnmmmmmmme

384 4262 423 4310 s·
468 4217 636 4332 Vinago
663 4180 917 4334 spontanea,
966 4217 1186 4332 Willughb.
1216 4247 1301 4302 orn.
1332 4250 1373 4331 p.
1410 4231 1499 4303 136.
1528 4217 1613 4302 tab.
1643 4228 1710 4302 35.
1737 4218 1843 4349 ΙῙὶιιῘ.
1870 4243 1942 4299 αν.

525 4402 564 4483 p.
596 4384 663 4455 62.
692 4402 731 4455 n.
766 4403 827 4455 ιο.
871 4372 1025 4453 Frisch.
1056 4398 1122 4454 av.
1164 4368 1248 4453 tub.
1284 4381 1373 4473 139.
1415 4350 1595 4456 Brissori.
1623 4397 1711 4458 om
1736 4369 1773 4449 I.
1800 4398 1843 4479 p.
1873 4374 1940 4452 86.

523 4551 586 4632 sp.
616 4533 653 4605 5.
682 4520 803 4605 Zool.
833 4519 981 4605 busan.
1011 4550 1053 4634 p.
1082 4529 1151 4605 88-
1178 4517 1264 4603 tub.
1293 4516 1347 4602 Ο.

473 4674 534 4760 Le
563 4670 694 4759 Biser.
721 4670 940 4762 D'aubem.
968 4681 1067 4786 pict.
1095 4668 1181 4757 tab.
1212 4683 1306 4760 610·
