4410 5910
904 610 1358 721 onoorn.
1508 618 1584 655 -·

764 850 1506 1008 GLIRES.

420 1420 539 1507 Ordo
567 1417 640 1504 hic
669 1422 775 1505 adeo
802 1414 1002 1503 naturalis
1025 1439 1069 1501 et
1090 1412 1405 1503 characteribus
1426 1413 1473 1500 in
1495 1414 1639 1530 aprico
1660 1439 1746 1521 est,
1776 1440 1824 1504 ut
1846 1413 1980 1508 etiam

278 1568 541 1687 antiquiores
570 1573 777 1687 Zoologos
806 1601 892 1656 non
921 1568 1088 1685 sugerit.
1115 1621 1172 1637 -
1208 1574 1373 1656 Genera
1401 1566 1544 1654 omnia
1573 1567 1835 1656 conveniunt
1861 1572 1976 1661 labio

281 1724 397 1827 fisso,
427 1724 616 1810 dentibus
643 1722 837 1827 rosoriis‚
867 1723 1114 1837 plerumque
1141 1720 1276 1823 binis;
1305 1728 1510 1809 clavicula
1530 1719 1576 1804 in
1598 1721 1756 1808 sceleto
1771 1725 1973 1838 perfecte,

277 1884 501 1965 ventriculo
530 1873 832 1990 subbipartito‚
864 1853 983 1961 coeco
1011 1871 1170 1989 insigni
1198 1896 1242 1959 et
1270 1904 1422 1989 magno
1451 1871 1699 1986 genitalium
1721 1875 1972 1964 masculino·

276 2058 371 2115 rum
399 2052 621 2145 apparatu,
667 2026 757 2112 imo
785 2031 942 2138 majore
970 2056 1096 2142 quam
1124 2024 1170 2109 in
1198 2027 1288 2113 ullo
1317 2024 1402 2112 alio
1431 2025 1594 2112 ordine.
1663 2025 1838 2112 Pariunt
1878 2032 1970 2116 cosi

275 2210 369 2285 cos,
398 2181 609 2282 utiense,
640 2201 684 2263 et
711 2178 950 2282 semiferae,
989 2201 1159 2263 etcum
1187 2176 1255 2262 his
1284 2176 1391 2263 serie
1421 2206 1621 2292 generum
1649 2202 1968 2269 comrectnntur.

275 2329 449 2447 Species
477 2330 523 2415 in
552 2353 644 2416 toto
673 2333 776 2440 orbe
802 2353 1005 2415 terrarum
1034 2328 1398 2414 numerosissimae
1428 2351 1471 2414 et
1492 2329 1677 2416 maxime
1698 2332 1967 2447 pullulantes,

273 2480 378 2567 hinc
405 2512 530 2599 saepe
558 2484 735 2569 nocivae
764 2480 955 2587 homini,
983 2484 1060 2567 sed·
1085 2503 1277 2598 peretum
1304 2505 1349 2568 et
1376 2481 1600 2597 copiosum·
1623 2482 1722 2569 feris
1747 2487 1964 2601 pabulum.

271 2628 485 2721 Plurimae
511 2633 646 2721 etiam
680 2634 895 2751 gregarius
930 2632 1135 2748 migrant,
1179 2635 1235 2729 ob
1277 2664 1466 2721 annonae
1507 2633 1755 2751 praesertim
1794 2637 1846 2723 in
1884 2638 1964 2727 hee

271 2788 347 2872 nel·
368 2787 447 2875 ille
473 2785 645 2902 regione
673 2789 908 2892 delectum,
938 2787 1008 2873 vel
1033 2816 1156 2873 sensu
1178 2788 1363 2900 quodam
1383 2785 1623 2900 ingruentis
1636 2788 1845 2904 grammis
1862 2788 1964 2906 hye-

270 2939 363 3024 nn’a.
392 2987 457 3011 -·
481 2946 532 3027 ln
559 2969 712 3055 genere
740 2962 881 3025 autem
909 2961 1005 3024 sunt
1031 2934 1247 3042 imbelles,
1276 2936 1588 3054 phytiphagse,
1618 2942 1846 3059 plenaespre
1865 2973 1962 3031 noc·

269 3113 435 3196 ternas,
472 3092 682 3180 cuniculis
710 3093 780 3177 uel
808 3090 921 3178 nidis
948 3088 1273 3196 delitescentes„
1311 3113 1355 3175 et
1382 3090 1609 3177 nonnullae
1637 3090 1833 3208 hyemali
1856 3117 1960 3185 tern-

264 3272 369 3361 pore
396 3244 604 3362 torpidas.

401 3456 468 3539 De
495 3450 708 3571 plerisque
737 3458 904 3539 Faunae
930 3476 1096 3541 nostrae
1124 3451 1312 3540 Gliribus
1353 3449 1560 3570 peculiari
1601 3483 1728 3570 opere
1768 3453 1832 3541 its
1872 3455 1951 3573 egi,

260 3625 310 3687 ut
336 3600 411 3689 hic
440 3604 601 3721 species
637 3605 824 3691 breviter
860 3606 1049 3722 attigisse
1081 3604 1272 3692 sufficiat.
1330 3607 1493 3718 (Novae
1525 3608 1694 3723 Species
1715 3608 1951 3729 Quadrups·

261 3756 411 3844 dume
438 3760 612 3853 Glirr‘nm
638 3759 789 3871 ordin.)

653 4196 777 4304 Xli.
849 4200 1549 4310 HYsTchEs

393 4552 538 4634 Insero
566 4552 668 4635 duas
696 4551 863 4666 speeies
885 4555 1129 4670 Hystrieum
1156 4557 1261 4645 licet
1301 4562 1357 4645 ed
1395 4564 1581 4642 Faunum
1617 4555 1784 4642 Rossici
1813 4563 1942 4675 Impe—

251 4695 309 4782 rii
328 4696 403 4783 vix
427 4732 475 4786 uc
497 4732 551 4786 ne
572 4702 648 4787 vix
670 4704 950 4820 pertinentes,
978 4709 1186 4825 persicam
1207 4712 1401 4815 alteram,
1438 4714 1613 4796 alteram
1647 4708 1937 4799 americnnem.

250 4850 337 4937 Sed
363 4853 707 4972 quandoquidem
744 4858 921 4950 Rossice
959 4892 1074 4948 erma
1115 4862 1164 4954 in
1202 4862 1303 4952 istas
1343 4864 1535 4981 regiones
1583 4883 1856 4981 penetrarunt
1898 4880 1940 4949 et
