4410 5910
850 298 1004 357 ,Ξ
1684 293 1776 380 51⁷

439 521 563 652 1¹46.
654 512 696 621 'A
724 532 760 620 L
788 531 831 620 A
858 522 906 620 U
928 531 973 617 D
1000 531 1043 619 Α
1115 520 1418 620 Cal-andro.

85 732 89 738 ·
221 685 278 765 A.
306 673 543 792 superciliis
570 674 701 776 albis,
735 673 919 790 pectoris
948 674 1112 758 macula
1139 673 1284 758 biloba
1311 672 1455 784 nigra,
1493 664 1684 754 rectrice-
1699 696 1770 756 ox·

82 830 186 918 tima
212 853 328 929 tota,
354 827 587 946 proximis,
617 802 929 940 remigibusque
956 823 1220 909 intermediis
1249 823 1370 940 apice
1400 820 1520 908 albis.

300 983 508 1070 Calandra
535 1010 634 1064 vera
662 981 810 1064 Olinae
838 1008 925 1062 ucc.
956 1009 1055 1092 pag.
1086 991 1152 1062 30.
1188 976 1410 1088 Wdlugbb.
1439 1006 1525 1058 om.
1555 987 1768 1087 pag.151.

356 1135 573 1218 Edwards.
609 1139 747 1244 glebo.
780 1133 836 1212 H.
877 1128 963 1212 tab.
993 1124 1086 1214 268.
1128 1125 1262 1237 (haud
1291 1127 1532 1233 laudanda).
1573 1127 1766 1208 Lolliam.

355 1316 450 1396 syn.
479 1287 553 1366 IV.
583 1315 625 1396 p.
655 1295 749 1367 382.
779 1314 819 1364 η.
855 1296 916 1368 ι5.

300 1439 467 1522 Alauda
494 1441 688 1547 majors
676 1432 948 1536 Calandra,
977 1435 1160 1517 Brisson.
1190 1462 1277 1517 orn.
1304 1433 1382 1514 ΠΙ.
1424 1463 1466 1546 p.
1496 1442 1590 1517 356.
1631 1460 1693 1543 sp.
1728 1438 1768 1511 6.

355 1588 439 1672 tob.
471 1619 536 1669 ao.
557 1590 712 1698 fig.·
674 1584 906 1696 2(.mala)

301 1740 468 1823 Alauda
496 1737 730 1836 Calandra,
767 1739 859 1819 Lin.
886 1757 992 1848 syst.
1021 1739 1119 1819 XII.
1146 1741 1182 1821 I.
1211 1769 1253 1852 p.
1285 1749 1377 1822 288.
1405 1766 1469 1850 sp.
1497 1769 1538 1843 9.
1568 1737 1677 1820 cent
1702 1760 1769 1816 αυ.

352 1869 515 1972 Sardio.
545 1918 586 2002 p.
621 1904 710 1994 147.
739 1886 825 1970 tob.
853 1900 893 1973 3.

298 2044 359 2124 La
388 2040 639 2153 Coquillade
652 2098 666 2136 ,
694 2040 924 2123 D'Aubent.
954 2044 1052 2152 pict.
1083 2038 1168 2122 tob.
1200 2052 1293 2124 662.

242 2204 287 2296 β.
316 2195 483 2277 Pullus:
525 2188 697 2274 Giarola
724 2190 897 2274 Aldrou.
927 2218 1013 2273 om.
1045 2190 1116 2275 ub.
1144 2193 1278 2274 XVII.
1308 2216 1400 2305 cop.
1430 2203 1498 2295 39.
1546 2185 1769 2300 Wdlugbb.

298 2374 384 2428 om.
415 2368 513 2456 pag.
548 2355 636 2427 152.
664 2343 758 2458 Raj.
788 2370 856 2425 ov.
889 2371 989 2455 pag.
1018 2374 1086 2450 70·
1127 2372 1168 2424 n.
1202 2375 1263 2426 10.
1304 2345 1486 2426 Brisson.
1514 2345 1662 2426 ornitb.
1688 2341 1767 2420 ΠΙ.

296 2524 394 2608 ras·
425 2505 518 2578 ³⁵⁵·
547 2523 611 2607 Su·
640 2527 680 2600 7·

215 2647 265 2728 In
294 2647 462 2729 deserto
490 2640 661 2725 australi
688 2640 802 2727 inter
828 2648 990 2725 Tana‘r'n
1033 2664 1077 2726 et
1118 2645 1325 2758 Volgam,
1368 2644 1565 2760 circaque
1606 2638 1775 2728 schaa-

74 2799 174 2881 bam
202 2794 419 2910 copiosam
447 2793 681 2878 observavi.
750 2799 886 2875 Datur
924 2792 1053 2877 etiam
1081 2793 1128 2878 in
1154 2797 1335 2883 Taurica
1361 2794 1642 2882 chersoneso.
1697 2789 1771 2878 Ti⁴

76 2944 311 3032 auidissima
339 2967 403 3029 est
429 2964 474 3028 et
500 2949 758 3028 Venatorem
787 2959 921 3056 aegre·
940 2944 1141 3032 admittit.
1196 2949 1386 3032 Advolat
1406 2944 1589 3043 Marti0;
1618 2943 1774 3063 cantil·.

75 3100 137 3182 lat
164 3095 286 3181 humi
313 3118 358 3179 et
383 3095 497 3178 inter
523 3095 778 3197 volandum,
819 3095 1066 3210 praesertim
1099 3092 1275 3180 ineunte
1303 3119 1443 3180 nocte.
1513 3099 1661 3177 Fertur
1687 3088 1768 3175 hu·

75 3247 194 3352 mili,
239 3248 314 3335 sed
341 3245 431 3329 levi
458 3246 629 3342 volatu,
673 3270 811 3360 eoque
836 3241 1159 3346 incitatissimo,
1204 3276 1287 3332 nec
1312 3274 1541 3363 suspmso,
1579 3265 1629 3327 ut
1657 3240 1769 3328 aliae
1891 3226 1897 3233 ⁵

76 3425 373 3510 congerierum.
429 3399 656 3481 Nidulatur
681 3394 825 3499 humi,
855 3419 902 3480 ut
930 3425 1201 3510 congeneres.
1258 3401 1352 3484 Ova
1379 3395 1653 3514 proportione
1680 3426 1768 3480 non

74 3551 184 3634 bene
225 3576 402 3658 magna,
441 3546 630 3662 pallida,
668 3569 759 3632 tota
799 3547 968 3663 punctis
1008 3546 1136 3633 fuscis
1172 3578 1220 3634 ac
1248 3549 1550 3637 lacescentibus
1577 3547 1767 3650 irrorata,

75 3698 355 3785 crebrioribus
384 3721 427 3781 et
455 3696 779 3782 saturationbus
798 3702 852 3783 ad
887 3703 1083 3784 obtusum
1124 3699 1339 3786 verticem.
1358 3752 1416 3771 --
1441 3704 1552 3787 Pulli
1578 3701 1767 3784 nondum

75 3849 275 3964 perfectis
301 3847 459 3964 plumis
489 3846 743 3946 volitantes,
767 3849 832 3934 uti
861 3850 1149 3936 antecedentis
1164 3851 1355 3967 ¹speciei,
1389 3851 1670 3964 similiterque
1699 3878 1765 3931 su·

72 4032 149 4115 pra
189 3999 323 4102 fusci,
366 3997 531 4114 pallido
559 3998 737 4110 guttati3
779 4023 964 4116 suntque
1000 4001 1051 4087 hi
1090 4007 1260 4090 Giavolo
1299 4002 1641 4090 Aldrovaudi.
1714 4005 1768 4084 In

75 4151 246 4234 australi
275 4148 429 4234 Sibiria
457 4147 572 4233 baec
593 4149 765 4264 species
781 4150 938 4235 nullibi
978 4151 1070 4238 visa
1101 4177 1178 4242 est.
1249 4161 1393 4272 Usque
1416 4152 1465 4238 in
1492 4150 1660 4240 Indiam
1687 4148 1767 4235 mi

74 4330 193 4415 grare
222 4305 401 4384 Lashom
429 4306 540 4411 (syn.
568 4310 766 4416 supplem.
800 4307 911 4412 177).
1465 4326 1468 4338 ·

210 4453 384 4535 Descr.
455 4454 706 4563 Magnitudo
730 4455 868 4570 paulo
886 4483 1014 4568 supra
1009 4458 1374 4570 praecedentem
1441 4372 1633 4540 Rostrum
1660 4478 1766 4538 eras²

72 4631 185 4699 sum,
213 4601 342 4684 etiam
371 4599 531 4714 magis,
560 4631 703 4714 quarn
714 4602 761 4688 in
775 4608 859 4691 nl.
877 4615 1093 4711 tatan‘ca,
1124 4636 1390 4711 convexum,
1420 4608 1543 4690 dorso
1568 4627 1617 4689 et
1644 4602 1766 4719 apics

70 4753 333 4856 lascescens,
375 4750 550 4837 inferius
577 4753 804 4868 pallidum.
870 4760 913 4843 V
909 4779 1063 4868 orrea,
1087 4760 1287 4865 cervix..
1307 4762 1484 4868 doraum
1504 4757 1657 4845 oolote'
1675 4758 1766 4865 fere
