4410 5910
1040 383 1186 402 mn*

817 543 922 656 Vll.
1004 548 1397 657 LANII.

401 872 542 966 Laaii,
570 865 714 953 nescio
742 896 827 982 quo
854 871 961 971 fato,
1002 867 1216 984 hueusque
1244 872 1296 955 ab
1325 869 1531 956 omnibus·
1548 871 1601 958 ad
1628 874 1815 991 Rapaces
1842 874 1951 964 dira·

265 1052 340 1106 aas
367 1049 442 1105 seu
467 1020 682 1134 Praepetes
708 1043 867 1106 nostras
895 1020 1019 1105 relati
1050 1025 1230 1107 fuerunt.
1298 1026 1400 1107 Non
1436 1044 1579 1106 temen
1607 1045 1702 1109 sunt
1729 1026 1861 1140 magis
1887 1056 1950 1113 ra-

262 1170 389 1288 'paces
416 1200 541 1285 quam
572 1169 721 1270 Corvi,
761 1196 805 1257 et
834 1175 883 1261 C.
908 1174 1153 1286 glandaria,
1197 1181 1397 1284 infausto,
1437 1176 1675 1259 Stelleriana
1702 1174 1763 1259 ita
1791 1177 1951 1279 affines,

263 1333 312 1406 'ut
338 1321 480 1405 Laniis
506 1308 563 1405 ¹ud
590 1327 810 1438 Praepetes
839 1325 1002 1423 relatis,
1030 1325 1165 1409 omnis
1194 1322 1396 1410 Oscinum
1424 1322 1550 1408 series
1579 1324 1862 1411 continuanda
1889 1326 1951 1413 fo·

262 1494 342 1558 ret.
399 1478 534 1557 Immo
569 1475 823 1558 Linnueus
867 1504 1033 1590 quoque
1076 1474 1320 1558 affinitatem
1365 1504 1570 1558 summam
1613 1473 1806 1588 agnovit,
1847 1478 1950 1563 dum

263 1628 441 1711 Corvum
479 1627 700 1734 infaustum
739 1655 812 1708 suo
854 1653 1005 1738 genere
1049 1648 1264 1711 exemtum
1294 1622 1435 1708 Laniis
1463 1622 1661 1724 inseruit,
1703 1655 1788 1711 non
1817 1627 1950 1742 magis

262 1774 466 1877 feliciter,
497 1805 623 1888 quam
651 1776 802 1860 Paros:
824 1783 1064 1889 garrulum,
1101 1777 1342 1860 biarmicum
1369 1796 1414 1858 et
1441 1777 1683 1875 caudatam,
1725 1806 1857 1893 aeque
1886 1777 1950 1864 di·

261 1957 402 2012 versos
429 1960 452 2011 a
480 1924 704 2010 Laniorum
733 1955 900 2040 genere.
958 1933 1070 2010 Ante
1099 1925 1241 2011 omnia
1270 1928 1322 2009 ad
1342 1925 1546 2009 'Oscinam
1567 1927 1760 2012 ordinem
1788 1958 1949 2015 reman-

259 2066 424 2164 'dandos
453 2107 540 2162 esse
570 2074 743 2177 Lanios,
771 2080 951 2192 probant
966 2110 1096 2163 mores
1116 2101 1158 2161 et
1185 2098 1348 2178 cantus,
1380 2076 1453 2192 qui
1479 2075 1587 2161 nulli
1609 2084 1859 2194 Praepetum
1880 2082 1949 2165 da·

260 2251 327 2314 tus
356 2249 439 2330 est;
480 2249 527 2311 ut
552 2248 715 2311 taceam
744 2229 920 2312 formam
949 2241 1069 2314 rostri
1095 2226 1204 2314 huic'
1228 2226 1360 2340 magis
1388 2256 1476 2312 esse
1504 2228 1736 2351 analogam.
1793 2230 1947 2318 Lunios

260 2378 308 2467 in
336 2375 631 2470 camtschatca
657 2379 784 2494 plane
811 2381 955 2464 deesse
983 2382 1012 2463 S
1021 2386 1091 2466 tel
1098 2388 1236 2468 turus
1265 2402 1408 2465 auctor
1435 2398 1510 2468 est.

711 2523 794 2609 55.
893 2520 1239 2609 LANIUS
1311 2520 1495 2632 major.

378 2668 426 2749 L.
455 2661 657 2764 cinereus,
688 2637 830 2745 subtus
844 2662 974 2763 albus,
1002 2685 1174 2776 pectore
1186 2662 1402 2760 undulato,
1430 2659 1540 2745 facia
1559 2689 1637 2776 per
1650 2663 1795 2747 oculos
1808 2659 1941 2777 nigre.

477 2812 630 2897 Lanius
657 2808 847 2896 cinereus
875 2810 1102 2917 maximus,
1132 2817 1385 2916 Auctomm,
1414 2813 1556 2898 Albin.
1585 2845 1651 2898 av.
1680 2816 1736 2897 ΙΙ.
1759 2816 1844 2900 tab.
1879 2827 1941 2904 13.

532 2968 711 3048 Brisson.
741 2967 888 3047 amitb.
915 2966 973 3047 ΙΙ.
1002 2997 1042 3081 p.
1078 2948 1167 3069 146.
1202 2994 1264 3076 sp.
1295 2996 1333 3047 α.

477 3116 575 3203 Pica
604 3113 771 3200 cinerea
798 3111 1077 3218 brasiliensis,
1105 3114 1322 3197 Edwards.
1347 3120 1487 3225 glean.
1516 3115 1599 3199 tab.
1630 3128 1723 3201 διδ.

477 3271 536 3352 La
563 3261 874 3378 Pie-grieche,
904 3267 1069 3375 Buffaa.
1098 3297 1184 3351 om.
1212 3269 1247 3349 l.
1275 3295 1317 3380 p.
1342 3278 1435 3371 296.
1464 3267 1549 3349 tab.
1574 3298 1640 3351 20.
1661 3264 1785 3352 mela.
1826 3264 1941 3352 Datt-

446 3422 450 3430 ’
530 3421 689 3503 benten.
718 3425 822 3500 icon.
851 3423 929 3502 col.
959 3448 998 3498 a.
1027 3431 1123 3522 445.
1162 3420 1168 3435 '

476 3574 605 3655 Great
633 3565 807 3667 Shrike,
836 3571 1025 3652 Latbam.
1054 3600 1149 3681 syn.
1184 3605 1221 3653 1.
1248 3599 1288 3682 p.
1325 3579 1412 3651 ι6ο.
1443 3596 1482 3650 a.
1512 3584 1554 3671 4.
1691 3630 1694 3635 -

368 3721 541 3808 Rossice
583 3717 755 3804 nomine
794 3743 886 3805 toto
920 3719 1067 3832 generi
1102 3717 1317 3805 communi
1345 3715 1517 3802 abusive
1545 3720 1785 3836 Sarakapud
1824 3725 1942 3836 (quu-

423 3871 614 3987 draginta
641 3873 808 3987 pondo)
833 3869 1037 3987 appellari
1065 3872 1191 3970 solet;
1221 3874 1321 3956 vere
1351 3892 1490 3954 autem
1507 3873 1684 3985 Saroput
1711 3872 1845 3983 (quod
1866 3875 1942 3958 sub

265 4066 305 4092 ··
420 4024 654 4111 diluculum
681 4023 815 4129 volet)
845 4020 934 4106 dici
961 4023 1157 4120 deberet3
1186 4018 1233 4103 in
1254 4020 1417 4105 Siberis
1436 4043 1481 4105 et
1500 4050 1627 4135 parva
1642 4016 1791 4104 Russie
1812 4021 1943 4106 etiam

394 4177 672 4294 'Tatarsbaja
707 4175 859 4257 Saraka
897 4155 1024 4281 (Pice
1048 4150 1255 4281 tetarica)
1296 4193 1341 4255 et
1374 4170 1623 4284 quibusdem
1658 4169 1763 4256 locis
1791 4173 1945 4260 stulte

421 4329 553 4414 audit.
610 4321 802 4411 Bocbero
815 4321 985 4409 ·tataris
1011 4325 1261 4438 Bydaigblr3
1297 4319 1461 4406 Tetaris
1490 4321 1669 4409 Sibiriee
1696 4325 1946 4410 Baleidsbals

422 4505 467 4566 et
494 4479 730 4592 Gorguldei.
978 4490 981 4495 ’

268 4630 274 4637 ’
391 4639 441 4720 ln
470 4630 619 4718 Rossia
646 4625 827 4729 boreali,
858 4626 1059 4744 omnique
1088 4627 1242 4715 Sibirie
1270 4629 1485 4744 frequens,
1520 4627 1708 4713 maxime
1733 4623 1780 4710 in
1808 4624 1970 4739 sylv0-·

250 4790 333 4893 sis,
372 4786 502 4875 etiem
540 4781 697 4896 hyeme
727 4779 981 4900 rigidissime
1009 4781 1225 4870 indensis
1253 4780 1384 4895 sylvis
1412 4776 1661 4883 montenis3·
1697 4775 1810 4864 circe
1836 4772 1946 4861 leni·

1475 4944 1524 5019 6¹
