4410 5910
256 399 346 507 356
1029 419 1179 477 -·....··..=

252 622 370 738 adigi
396 642 592 737 nequeat.
669 620 712 706 V
709 624 844 708 olntus
872 617 1099 707 altissimus
1127 640 1171 704 et
1200 615 1438 724 diuturnus,
1480 617 1701 707 oculorum
1729 615 1843 707 acies
1873 640 1955 709 stn-

249 778 412 896 penda‚
451 775 612 892 quippe
640 803 696 859 ex
733 771 904 858 aethere
932 772 1070 889 pisces
1098 770 1144 856 in
1167 772 1344 856 lacubus
1373 795 1418 857 et
1443 772 1686 862 fluminibus
1712 777 1953 892 speculatur

250 952 296 1045 et
322 930 412 1015 telo
440 958 570 1044 ocyus
597 924 721 1012 irruit
749 949 793 1010 et
821 924 945 1041 rapit.
1004 928 1044 1008 V
1043 957 1099 1011 ox
1126 923 1310 1040 pipiens.
1367 927 1524 1012 Nidum
1551 925 1597 1012 in
1618 957 1805 1032 summo,
1835 958 1952 1046 prae·

252 1081 399 1169 sertim
428 1084 560 1167 fracto
587 1080 781 1165 excelsae
812 1078 970 1163 arboris
999 1076 1242 1175 cacumine,
1284 1077 1381 1164 loco
1408 1078 1655 1195 praesertim
1683 1080 1854 1197 aprico,
1898 1081 1955 1167 la·

251 1236 382 1323 cubus
411 1232 574 1335 vicino,
606 1230 748 1335 struit,
779 1229 1074 1346 quadripedali
1102 1229 1309 1314 diametro
1337 1259 1362 1314 e
1391 1231 1517 1316 ramis
1539 1234 1734 1319 arborum
1757 1230 1956 1319 stilicum·

252 1416 335 1503 que
364 1385 577 1472 radicibus
607 1405 875 1487 contextum,
912 1413 1038 1499 quem
1067 1381 1249 1467 fideliter
1276 1382 1474 1470 custodit.
1530 1391 1624 1470 Nec
1653 1411 1845 1502 unquam
1874 1383 1958 1475 nisi

250 1536 298 1631 in
326 1538 513 1625 exaridis
542 1538 758 1624 arboribus
784 1534 934 1621 nidum
962 1535 1066 1620 vidi.
1122 1536 1217 1620 Ouo
1246 1538 1352 1633 duo,
1382 1540 1511 1621 rarius
1531 1559 1675 1639 terna,
1703 1536 1956 1653 gallinaceis

252 1699 431 1805 majora,
475 1689 643 1776 sordida
671 1690 796 1773 rubro
826 1712 950 1803 atque
980 1686 1179 1772 dilutiore
1207 1707 1409 1805 punctato
1433 1689 1596 1789 ·varia,
1636 1688 1857 1777 obtusiore
1886 1721 1960 1776 an·

254 1846 355 1960 gulo
381 1842 840 1942 bromo-maculosa,
882 1843 1015 1927 altero
1044 1839 1204 1925 vertice
1233 1839 1363 1925 etiam
1393 1842 1490 1926 albo
1516 1863 1731 1958 punctata.
1787 1848 1955 1958 Hyeme

253 2025 278 2081 e
307 1993 626 2082 mediterraneis
655 1992 823 2108 migrat.

390 2149 435 2231 N
443 2169 542 2233 ota.
599 2148 670 2232 Ab
698 2147 888 2263 Aquilis,
935 2144 1086 2262 quibus
1114 2147 1240 2261 vulgo
1270 2148 1563 2232 adnumeratur
1589 2170 1765 2264 propter
1784 2146 1951 2266 'magni-

252 2298 468 2398 tudinem,
497 2296 651 2384 habitu
677 2325 721 2386 et
749 2298 905 2418 plumis
935 2299 1111 2385 cervicis
1140 2297 1374 2384 rotundatis
1405 2299 1563 2384 diflert.
1620 2302 1806 2389 Pondere
1829 2330 1949 2419 saepe

255 2474 434 2568 quatuor
459 2450 588 2537 libras
616 2452 802 2539 excedit.
874 2451 1206 2547 Distinctissima
1234 2474 1279 2537 et
1305 2450 1433 2538 nimis
1460 2473 1561 2537 nota
1595 2454 1785 2568 species,
1827 2484 1949 2568 quam

254 2631 365 2720 quae
393 2601 681 2719 descriptione
709 2628 857 2722 egeat,
902 2605 1150 2723 praesertim
1178 2637 1274 2691 cum
1310 2602 1522 2691 coloribus
1550 2635 1643 2690 raro
1671 2604 1807 2692 ludat.
1867 2613 1947 2691 Ma·

258 2754 374 2875 trime
403 2754 537 2875 renat
564 2759 875 2874 magnitudine,
906 2761 1008 2844 dum
1036 2757 1209 2873 quidam
1236 2789 1312 2842 sex
1340 2754 1543 2843 librarum
1550 2818 1577 2857 ,
1607 2755 1684 2843 alii
1712 2760 1851 2847 multo
1878 2759 1947 2844 mi·

255 2937 377 2995 nores
406 2932 638 2996 occurrant.
710 2916 815 2999 Cera
850 2910 1045 2997 omnibus
1080 2909 1392 3024 palpebraeque
1421 2908 1604 3012 lividae3
1643 2912 1777 2998 Irides
1806 2916 1945 2999 flavae.

256 3060 385 3147 Pedes
411 3062 573 3177 pallide
602 3065 954 3167 coemlescentes,
999 3091 1078 3149 nec
1116 3060 1208 3147 vidi
1243 3063 1362 3149 alios.
1431 3062 1732 3149 Robustissimi
1766 3061 1818 3148 hi
1845 3087 1947 3165 suut,

255 3212 400 3325 digitis
425 3214 721 3330 perbrevibus,
750 3220 893 3302 subtus
922 3215 1159 3316 muricatis,
1190 3245 1365 3331 quorum
1395 3237 1613 3320 externus,
1657 3239 1808 3303 contra
1836 3245 1948 3332 rega

255 3367 363 3468 lam,
400 3367 534 3453 ferme
563 3392 790 3456 retrorsum
825 3367 1056 3470 versatilis;
1101 3370 1237 3454 Plicae
1282 3389 1425 3455 tamen
1465 3367 1735 3457 intercalares
1777 3369 1947 3456 omnino

256 3517 417 3622 nullae,
460 3526 651 3631 (tantum
694 3524 811 3607 abest
840 3554 864 3606 a
891 3521 1002 3634 pede
1046 3521 1273 3634 palmato).
1342 3523 1583 3609 intestinum
1621 3521 1852 3635 majoribus
1881 3551 1948 3608 no·

257 3673 507 3782 vempedale
516 3732 530 3770 ,
574 3673 828 3790 tripollicari
867 3674 920 3757 ab
963 3700 1043 3756 ano
1080 3670 1281 3758 distantia
1309 3673 1534 3759 dilatatum
1561 3675 1607 3759 in
1636 3677 1853 3797 sacculum
1879 3686 1944 3764 δ”.

258 3819 446 3942 ovalem,
476 3820 546 3906 cui
575 3855 698 3940 supra
724 3824 911 3911 insident
938 3854 1066 3910 coeca
1095 3827 1179 3909 duo
1208 3835 1280 3929 4⁶¹.
1349 3829 1493 3940 Cystis
1520 3824 1673 3913 hilaria
1701 3859 1832 3947 saepe
1859 3858 1944 3915 coa·

255 3970 402 4099 gulurn'
429 3975 747 4091 mucaginosum
774 3976 985 4082 continet,
1014 3974 1220 4062 inclinata
1248 4008 1370 4095 supra
1398 3980 1593 4081 ductum,
1620 3979 1697 4095 qui
1724 3979 1943 4069 &unam

257 4124 310 4210 ab
339 4121 541 4242 hepatico
570 4130 813 4248 capaciore,
853 4127 1064 4219 inseritur.
1089 4179 1144 4197 -
1186 4129 1560 4251 Willuglibejus
1606 4162 1833 4253 perperam
1869 4160 1942 4221 ova

258 4273 355 4363 alba
379 4277 550 4388 tribuit,
579 4284 789 4374 Gmelinus
815 4279 932 4369 enim
959 4313 1086 4369 ovum
1113 4281 1161 4367 in
1188 4306 1322 4370 matre
1353 4282 1542 4387 invenit,
1570 4286 1696 4401 quale
1726 4280 1941 4404 descripti·

594 4471 680 4565 29.
771 4440 1322 4539 ACCIPITER
1392 4446 1617 4539 Milvus.

388 4589 446 4675 A.
475 4589 608 4673 cauda
636 4588 938 4707 subforcipata,
968 4618 1143 4707 corpore
1170 4591 1451 4694 luscescente,
1484 4588 1664 4680 iridibus
1690 4590 1878 4715 pallidis.

473 4739 630 4829 Milvus
659 4739 841 4858 vrrlgaris
869 4762 1095 4843 auctomen-

472 4892 634 5017 Milvus
660 4893 802 5015 niger,
827 4899 988 4996 Bellon.
1011 4927 1078 4988 av·
1107 4932 1151 5017 p.
1171 4912 1261 4997 rii·
1289 4900 1420 4991 Brisa.
1446 4901 1581 4991 ora-I.
1608 4913 1769 5018 ptri.
1794 4912 1930 5023 spu,
