4410 5910
1030 360 1187 414 ···--··-··-
1861 345 1950 451 265

268 563 490 651 suluissetl
532 559 873 678 Descriptionem
915 582 1150 647 accuratam
1176 559 1338 676 Onagri
1376 558 1464 647 vid.
1493 560 1541 655 in
1568 560 1677 652 locis.
1703 594 1727 655 a
1754 593 1822 650 me
1851 564 1952 653 cita.

262 714 345 817 tis;
375 724 522 803 leones
551 738 692 800 autem
720 712 795 799 hic
822 736 1013 829 repetere
1042 710 1181 797 visum
1205 735 1270 798 est
1297 714 1510 800 coloribus
1536 715 1777 801 illustratas.
1886 756 1891 763 ·

283 887 287 893 “
404 873 463 973 pl·
490 872 598 957 Muli
625 890 750 983 atque
775 869 905 950 Hinnl
934 866 1048 979 apud
1074 895 1150 948 nos
1178 865 1353 980 produci
1385 863 1499 953 haud
1528 868 1688 972 solent,
1732 894 1777 957 et
1802 876 1952 963 Judaei

262 1042 390 1135 atque
417 1019 562 1104 Tatari
589 1021 684 1133 lege
724 1031 907 1103 mosa‘r'ca
946 1014 1210 1132 prohibitum
1252 1040 1401 1132 putant
1443 1016 1627 1134 hybrida
1668 997 1830 1110 elicere
1865 1029 1952 1113 ani-

261 1170 382 1256 mali.
440 1170 636 1256 Sinenses
665 1192 917 1256 mercatores
947 1170 1159 1255 adducunt
1188 1200 1331 1257 secum
1357 1170 1540 1271 Hinnos,
1569 1176 1861 1288 magnitudine
1888 1179 1952 1266 in·

261 1344 331 1408 ter
358 1353 508 1437 parvos
549 1352 681 1438 equos
717 1345 762 1408 et
801 1321 964 1407 asinum
1007 1323 1287 1409 domesticum
1327 1323 1487 1427 media,
1531 1356 1652 1409 cursu
1693 1328 1950 1436 celerrimos,

257 1476 397 1562 cauda
424 1473 599 1589 equina,
632 1474 799 1561 auribus
826 1477 1131 1574 mediocribus,
1168 1475 1380 1562 variorum
1405 1478 1608 1563 colorum.
1633 1528 1691 1546 -
1726 1483 1866 1566 Mulos
1896 1514 1950 1568 ex

258 1652 372 1742 equa
399 1656 522 1742 posse
550 1627 740 1740 generari
765 1635 851 1742 jam
879 1631 1080 1716 Plinius
1108 1659 1132 1713 e
1162 1634 1417 1713 Graecorum
1446 1632 1730 1716 monumentis
1759 1634 1952 1748 prodidit

258 1803 306 1864 et
320 1778 500 1863 hinnum
516 1780 722 1895 appellari
738 1784 851 1896 quod
865 1812 919 1865 ex
930 1812 982 1865 ea
998 1783 1149 1896 copula
1163 1781 1348 1866 nascitur
1362 1787 1474 1892 (hist.
1491 1805 1575 1868 nat.
1590 1786 1662 1870 ub.
1680 1787 1722 1867 V
1718 1790 1795 1869 Ill.
1808 1819 1845 1871 c.
1862 1792 1949 1896 69.)

258 1962 375 2016 nunc
403 1952 448 2014 et
475 1935 610 2018 mulos
637 1962 693 2045 ex
721 1964 851 2048 equa,
881 1956 927 2018 et
954 1964 1109 2049 equum
1138 1933 1383 2050 asinumque
1409 1964 1436 2018 e
1465 1938 1579 2021 mula
1605 1939 1832 2025 foecundos
1860 1967 1949 2024 esse

259 2087 508 2172 confirmata
535 2116 600 2172 res
629 2108 713 2191 est,
740 2109 787 2172 et
813 2087 953 2202 proles
982 2089 1117 2171 forma
1145 2089 1206 2171 ad·
1226 2086 1439 2202 potiorem
1466 2111 1686 2204 parentem
1714 2089 1839 2177 redit.

833 2434 1010 2551 XXX.
1091 2434 1383 2542 SUES„

255 2876 259 2883 Ι
396 2761 523 2848 Suilli
552 2761 733 2879 -generis
773 2761 899 2850 unica
939 2784 1104 2849 tantum
1146 2758 1307 2878 species
1349 2791 1426 2876 per
1468 2791 1639 2847 omnem
1667 2766 1879 2878 Europam
1904 2784 1952 2851 et

261 2910 409 2998 Asiam
451 2916 733 3003 borealiorem
774 2940 1006 3033 spontanea
1048 2937 1131 3018 est,
1175 2913 1406 3033 Europaeis
1446 2911 1674 3029 praecipue
1717 2896 1952 3001 domestici

204 3102 206 3107 ·
254 3062 390 3185 'factm
433 3069 778 3185 quandoquidem
819 3066 1015 3168 asiaticae
1052 3091 1197 3183 gentes
1225 3065 1475 3183 pleraeque,
1514 3089 1604 3151 tam
1646 3064 1950 3172 Mahometani,

250 3242 389 3335 *quarn
417 3216 687 3329 idololatrae,
715 3240 883 3337 praeter
911 3220 1200 3332 Mongolicam
1230 3240 1399 3330 gentem
1428 3240 1472 3300 et
1500 3217 1638 3320 Sinas,
1683 3220 1735 3301 ab
1763 3249 1837 3302 esu
1864 3249 1950 3303 car·

247 3363 322 3487 ¹nis
351 3366 501 3455 suillae
530 3373 757 3458 abstinent.
815 3380 895 3467 Pro
924 3359 1089 3455 diversa
1124 3391 1263 3453 autem
1291 3367 1432 3483 specie
1459 3370 1699 3494 ponendam
1728 3398 1819 3454 esse
1845 3392 1951 3485 puto

242 3518 379 3639 ‘Suam
404 3525 605 3631 indicum,
636 3528 748 3642 apud
776 3554 850 3609 nos
879 3522 1016 3608 minus
1045 3519 1183 3606 adhuc
1212 3520 1448 3634 vulgarem,
1477 3519 1633 3605 aSinis
1665 3519 1711 3604 in
1735 3520 1949 3626 Sibiriam‚

254 3692 303 3755 et
332 3674 605 3760 nuncetiam
633 3707 687 3762 ex
714 3676 869 3793 Anglia
900 3673 946 3759 in
975 3673 1260 3761 occidentales
1291 3673 1463 3767 Rossiae
1503 3671 1697 3787 regiones
1736 3670 1949 3759 introduc·

252 3845 368 3929 tam,
410 3855 519 3941 quae
559 3849 650 3913 tota
690 3830 823 3914 forma
859 3824 1073 3941 avulgari
1101 3824 1243 3943 specie
1272 3826 1371 3910 satis
1409 3826 1575 3929 differt,
1616 3824 1810 3942 quamvis
1851 3856 1949 3913 cum

248 3974 333 4063 illa
362 3975 488 4065 facile
513 4003 701 4093 generet.

699 4185 831 4293 139.
926 4174 1082 4264 SUS
1163 4201 1487 4293 europueus.

397 4372 440 4457 8.
470 4373 595 4458 dorso
621 4372 724 4457 setis
750 4371 946 4471 cristato,
973 4375 1108 4469 cauda
1133 4393 1290 4456 retorta
1316 4395 1467 4458 setosa.

477 4527 555 4610 Sus
584 4524 768 4642 vulgaris
796 4548 1033 4631 auctorum,
1076 4529 1238 4611 Gesner.
1270 4527 1426 4642 quadr.
1469 4559 1511 4641 p.
1541 4537 1640 4632 982.
1676 4525 1773 4646 Raj,
1799 4524 1944 4641 φυσᾶν.

689 4700 727 4769 5·
864 4714 927 4723 ..
1061 4712 1066 4724 .
1179 4710 1183 4719 .

403 4942 406 4947 .
484 4708 754 4938 stringeris&
782 4834 872 4919 Lin.
900 4852 1007 4948 synt.
1035 4834 1132 4915 ΧΠ.
1159 4834 1195 4916 Ι.
1223 4862 1265 4945 p.
1292 4864 1386 4917 rom·
1408 4860 1472 4948 sp.
1501 4865 1536 4917 r.
1562 4831 1734 4921 exclusa
1762 4839 1944 4938 variety.
