4410 5910
250 444 310 531 14
1012 431 1181 494 ff·

386 646 436 725 In
463 636 597 730 felino
627 663 782 752 genere
808 630 1048 721 animalitas
1076 632 1365 719 ad'summum
1395 631 1570 744 gradum
1584 654 1756 722 “erecta
1783 657 1830 722 et
1854 629 1945 737 ani.

250 794 394 890 males,
410 791 581 906 spiritns
615 787 802 876 maxime
834 782 1015 874 exaltati
1048 782 1259 868 videntur.
1315 782 1428 867 Hinc
1456 813 1623 887 sunnna⁸
1645 784 1710 871 ris
1744 784 1983 903 impetus..

249 943 484 1044 iracundia,
512 941 732 1044 fortitudo,
756 937 944 1055 agilitas.
1004 934 1125 1029 ltine
1155 934 1356 1022 electrica
1384 932 1620 1050 proprietas
1650 936 1820 1027 tolleris
1856 940 1948 1047 lere

249 1096 447 1185 omnibus
470 1116 515 1184 et
542 1092 668 1207 ignea
694 1094 914 1180 oculorum
941 1088 988 1179 in
1013 1086 1200 1174 tenebris
1228 1085 1489 1189 scintillatio,
1527 1116 1634 1200 quae
1661 1090 1795 1189 multo
1827 1087 1951 1199 debit

252 1248 337 1337 lior
356 1246 523 1334 Canino
545 1268 591 1332 et
611 1243 843 1331 Mustelino
864 1240 1030 1358 generi,
1057 1238 1194 1354 equis,
1217 1236 1452 1354 phalaenis,
1466 1237 1610 1343 immo,
1622 1236 1792 1335 homini
1810 1240 1951 1348 interr,

254 1397 376 1483 denti
412 1394 569 1500 aciem,
614 1397 685 1482 vel
721 1390 1159 1489 mente..ardescenti;
1213 1412 1256 1473 at
1290 1387 1591 1505 phlegmaticis
1625 1392 1756 1477 nulla.
1830 1400 1952 1500 ¹Haec

254 1547 381 1663 ignea
416 1546 530 1669 acies
564 1548 672 1701 lorpe
713 1548 874 1632 nudum
901 1545 1107 1629 electrum
1141 1541 1301 1627 retinae
1328 1569 1542 1626 nervosae.
1616 1544 1788 1630 Etenim
1812 1520 1954 1630 nullus

260 1722 479 1817 praeterea
506 1695 553 1782 in
579 1727 756 1820 corpore
791 1694 966 1782 animali
999 1716 1066 1780 est
1097 1693 1230 1799 locus,
1257 1692 1333 1780 ubi
1359 1692 1523 1778 cerebri
1550 1691 1597 1777 in
1634 1686 1784 1782 nervos
1821 1695 1956 1796 conti·

261 1872 430 1936 nuaram
457 1848 688 1936 medullam
724 1848 867 1934 vivam
901 1848 1017 1935 nudo
1053 1846 1178 1931 oculo
1212 1868 1431 1962 patentem
1463 1844 1634 1949 videas,
1677 1879 1805 1963 quam
1841 1841 1956 1934 fene‘ss

262 2023 391 2087 strata
427 2001 646 2087 oculorum
682 1997 930 2121 penetralia.
1000 2001 1156 2081 Nonne
1190 2026 1291 2113 ergo
1324 1993 1433 2082 haec
1468 2027 1541 2081 seu
1577 1995 1846 2115 phosphorea
1883 2005 1958 2088 seu

264 2151 467 2239 electrica
493 2151 633 2267 potius
661 2151 736 2236 lux
758 2145 1246 2252 oculorumintenebris,
1261 2147 1508 2265 praesertim
1529 2148 1859 2256 intendentium,
1881 2144 1959 2268 pei

266 2302 375 2391 iram
402 2303 473 2389 vel
501 2301 811 2407 adtentionem,
840 2298 1084 2389 sensitivam
1111 2298 1378 2404 facultatem,
1415 2324 1660 2416 argumento
1694 2333 1783 2388 esse
1819 2291 1961 2419 potest

266 2446 347 2570 pro
376 2454 569 2569 analogia
595 2451 798 2571 principii
835 2450 995 2540 actuosi
1028 2473 1077 2535 ct
1109 2449 1309 2535 materiae
1345 2450 1569 2537 electricae
1606 2483 1682 2569 per
1718 2454 1961 2542 universum

272 2604 449 2689 diffusae
475 2628 522 2689 et
548 2605 663 2692 varie
690 2601 971 2692 modificatae.
1028 2606 1154 2688 Forte
1180 2603 1234 2687 ab
1262 2600 1390 2687 insita
1417 2601 1461 2686 vi
1487 2600 1611 2716 hujus
1632 2604 1834 2721 principii
1853 2580 1962 2693 deriss

273 2757 411 2842 vanda
445 2787 608 2862 summa
645 2754 692 2841 in
727 2754 865 2842 felino
894 2777 939 2838 et
979 2752 1206 2839 mustelino
1241 2783 1393 2867 genere
1429 2753 1543 2839 vitae
1576 2756 1795 2842 tenacitas.
1865 2765 1962 2846 Nec

276 2906 443 2992 videtur
477 2908 588 2994 solus
615 2935 718 3010 esse,
747 2929 795 2992 nt
822 2904 955 3022 aliqui
981 2927 1152 3024 putant,
1181 2935 1403 2990 nervorum
1430 2906 1614 3003 babitus,
1648 2906 1722 3021 qui
1761 2910 1963 3015 actiones,

277 3060 331 3142 ab
367 3056 604 3146 irritatione
638 3060 872 3175 pendentes
898 3056 1032 3143 etiam
1067 3056 1209 3142 ablato
1244 3058 1431 3158 cerebro,
1466 3056 1710 3142 immediate
1744 3059 1790 3144 in
1835 3091 1964 3147 mem·

277 3206 363 3292 bris
396 3208 615 3325 producit;
650 3231 712 3296 ut.
749 3243 791 3296 v.
830 3241 892 3325 gr.
920 3218 1088 3324 Vespae
1116 3206 1297 3293 abscissa
1324 3210 1441 3295 alvus
1467 3208 1629 3294 irritata
1666 3213 1858 3297 aculeum
1893 3242 1964 3299 ex·

269 3383 408 3463 serat,
447 3357 672 3476 Phalangii
700 3361 770 3447 vel
793 3361 881 3448 tuli
906 3359 1147 3477 longipedis
1173 3359 1307 3445 ablati
1332 3365 1462 3478 pedes
1488 3361 1564 3447 diu
1591 3364 1889 3448 contrahantur
1923 3387 1968 3450 et

277 3510 537 3601 tremiscant.
606 3519 676 3599 Ne
712 3511 1001 3602 recentissima
1031 3510 1306 3599 Galvanismo
1337 3512 1527 3600 excitata
1562 3513 1764 3599 miracula
1808 3547 1969 3613 memo·

283 3691 385 3749 rem.
441 3665 527 3749 Sed
547 3694 660 3770 vere,
681 3696 759 3780 per
778 3664 993 3751 internum
1013 3693 1180 3749 sensum
1200 3669 1345 3751 sedem
1364 3666 1605 3783 passionum
1626 3667 1906 3779 peculiarium
1920 3669 1967 3759 iu

281 3812 410 3896 variis
435 3815 625 3930 corporis
651 3816 841 3932 partibus
872 3817 977 3934 poni
1004 3819 1170 3921 debere,
1198 3817 1382 3931 quilibet
1409 3818 1455 3904 in
1468 3848 1512 3902 se
1532 3817 1744 3904 adtentior
1762 3823 1970 3911 concedat

285 3992 457 4049 necesse
483 3989 561 4051 est.
631 3971 688 4051 Et
723 3966 922 4054 animalia
952 3967 1264 4084 simplicissima
1296 3975 1372 4082 (ut
1401 3971 1596 4085 Hydrae)
1633 3998 1778 4054 omnes
1806 3972 1971 4061 actuosi

286 4112 490 4230 principii
516 4118 749 4224 facultates,
777 4150 883 4235 qnae
904 4121 951 4207 in
972 4120 1026 4206 iis
1049 4121 1102 4204 ad
1123 4149 1289 4204 sensum
1310 4142 1556 4234 motumque
1577 4123 1859 4210 vduntarium
1873 4124 1972 4212 sim·

289 4265 448 4379 plicam
475 4269 614 4354 redire
641 4271 850 4374 videntur,
880 4302 957 4387 per
981 4294 1119 4358 totum
1146 4302 1296 4387 corpus
1323 4273 1556 4387 aequaliter
1590 4274 1862 4361 distributum
1896 4274 1973 4362 ha-

290 4416 403 4519 bere,
433 4420 519 4507 cita
546 4421 758 4510 restitutio
786 4422 1080 4528 discoctorum,
1118 4424 1208 4508 sine
1242 4420 1361 4508 omni
1394 4425 1608 4511 actionum
1635 4428 1752 4531 labe,
1793 4431 1973 4545 probare

290 4565 470 4656 videtur.
501 4625 548 4640 -
579 4578 674 4662 Nec
706 4575 834 4661 video
861 4606 987 4691 quare
1015 4605 1180 4690 semper
1206 4576 1390 4663 animam
1417 4579 1523 4663 adeo
1553 4581 1606 4664 ab
1642 4578 1766 4693 ignea
1801 4580 1846 4666 ri
1880 4611 1974 4668 ner·

293 4718 362 4803 rei
388 4726 624 4835 systematis
653 4727 897 4813 distinctam
924 4727 1060 4814 velint
1084 4723 1360 4845 philosophis
1418 4729 1549 4843 Quasi
1579 4752 1696 4816 tanta
1730 4731 1892 4819 cerebri
1925 4735 1975 4819 in

295 4870 544 4965 animalibus
571 4880 719 4985 moles,
747 4880 931 4997 primum
961 4879 1207 4995 pullulantis
1234 4882 1476 4996 embryonis
1514 4883 1819 4988 rudimentum,
1863 4913 1975 5000 quae
