4410 5910
249 436 313 519 :ro
861 432 866 447 '
1009 426 1158 493 ³⁵¹⁸-

249 638 354 732 .bus,
381 626 557 744 aliisque
585 623 774 713 marinis.
839 625 1047 739 Hyemenr
1073 622 1269 741 transigit
1293 622 1342 710 in
1368 623 1484 713 sicco
1509 650 1555 714 et
1574 654 1706 744 saepe
1733 626 1949 717 nivalibus

250 781 456 903 ,procellis
497 782 701 895 deceptus
742 780 867 892 longe
908 780 961 863 ab
1003 780 1175 865 Oceano
1212 777 1260 863 in
1287 799 1417 864 terras
1444 803 1662 894 evagatur,
1704 803 1752 866 ut
1778 784 1949 898 spelaea

247 958 429 1053 ¹quaerat
453 956 500 1019 et
526 929 728 1046 hyemem
755 930 899 1045 quiete
925 931 1141 1046 transigat.
1198 938 1248 1018 ln
1268 932 1566 1049 temperatiora
1588 934 1720 1021 maria
1732 964 1951 1051 nunquam

248 1085 483 1206 processit,
524 1086 630 1169 fidus
670 1082 863 1169 Rosmari
901 1112 1058 1169 comes.
1126 1089 1259 1169 Natat
1297 1084 1479 1201 optime;
1519 1085 1566 1173 in
1607 1085 1722 1174 sicco
1762 1085 1951 1203 ineptius

248 1262 415 1356 ,pugnat
442 1259 486 1323 et
512 1236 638 1321 facile
664 1232 894 1339 occiditur,
937 1237 1038 1319 dum
1065 1233 1113 1320 in
1139 1235 1303 1351 postica
1331 1261 1492 1324 erectus
1519 1267 1563 1325 se
1591 1237 1805 1338 defendit,
1834 1237 1950 1324 vitae

257 1392 560 1489 minusterrax,
587 1417 714 1502 quarn
726 1385 933 1472 terrestris
956 1416 1085 1472 ursus.
1142 1391 1260 1502 Quae
1280 1390 1334 1474 de
1347 1387 1427 1476 illo
1448 1392 1537 1476 fuse
1551 1390 1666 1477 dicta
1686 1413 1783 1476 sunt
1798 1387 1845 1474 in
1860 1392 1953 1506 δρᾶ·

251 1551 513 1659 cileglr'tloc.
527 1549 597 1627 cit.
624 1538 700 1625 hic
728 1560 918 1654 repetere
946 1537 1084 1645 nolui,
1113 1568 1192 1625 nec
1208 1537 1378 1625 iconem
1397 1540 1462 1627 ibi
1475 1542 1676 1651 insertam
1688 1539 1765 1629 hic
1780 1540 1950 1627 iterare.

258 1694 429 1789 Adultis
455 1695 703 1813 plerumque
731 1689 952 1804 longitudo
979 1692 1035 1776 ad
1061 1693 1443 1808 septempedalem,
1479 1693 1660 1781 altitudo
1688 1723 1732 1801 st
1751 1693 1897 1813 pedis.
1936 1790 1940 1797 ,

665 2134 906 2245 Genus
953 2141 1045 2247 lV.
1120 2139 1174 2244 M
1221 2140 1264 2244 Ε
1312 2139 1358 2245 L
1407 2141 1450 2246 E
1497 2140 1543 2248 S.

952 2396 1267 2416 Q

396 2520 489 2600 lloc
531 2512 777 2600 animalium
817 2544 969 2629 genus,
1011 2515 1125 2627 quod
1163 2512 1276 2598 inter
1303 2513 1527 2603 Americae
1569 2508 1770 2602 animalia
1798 2523 1955 2630 species

260 2686 342 2755 tres
369 2662 611 2770 distinctas,
648 2676 752 2754 ursis
786 2666 915 2781 vulgo
942 2668 1232 2750 adnumeratas
1261 2665 1468 2780 agnoscit,
1512 2666 1559 2755 in
1587 2674 1778 2787 Europae
1806 2665 1950 2752 Asiae·

259 2847 342 2936 que
369 2816 628 2906 continente
654 2841 820 2905 tantum
845 2821 950 2905 duas
976 2817 1151 2933 recipit,
1187 2821 1339 2903 Melam
1365 2820 1492 2934 vulgo
1521 2819 1581 2906 sic
1610 2819 1771 2909 dictam
1797 2841 1845 2904 et
1871 2820 1950 2904 Gn·

255 2976 414 3074 lencm,
456 2997 535 3055 nec
575 2967 778 3057 hactenus
812 2970 929 3056 inter
968 2969 1171 3055 Africana
1210 2968 1410 3056 animalia
1426 2975 1523 3058 ‘ulla
1549 2973 1694 3059 eidem
1722 2971 1950 3058 adinventa

262 3144 336 3207 est
408 3122 588 3210 Habitus
627 3123 698 3209 illi
732 3146 777 3209 et
815 3155 946 3210 mores
972 3121 1105 3208 medii
1132 3123 1244 3207 inter
1275 3125 1403 3209 Ursas
1430 3148 1474 3208 et
1502 3127 1712 3211 Vtamur:
1752 3125 1950 3208 Duratium

222 3368 228 3379 ,
253 3295 465 3360 structura
484 3304 641 3391 parurn
667 3275 852 3377 diversa3
880 3278 1004 3393 pedes
1030 3275 1191 3360 similes
1217 3276 1345 3391 longe
1371 3275 1656 3391 unguiculati,
1698 3277 1947 3393 plerumque

260 3428 315 3513 ad
342 3428 628 3517 scandendum
661 3449 707 3512 et
744 3428 990 3514 fodiendum
1032 3427 1249 3528 instructi3
1285 3433 1420 3539 facies
1449 3428 1634 3545 argutior
1667 3457 1796 3543 quarn
1830 3424 1946 3523 ursis,

258 3584 382 3665 villus
407 3577 484 3664 vix
507 3580 649 3665 minus
675 3579 812 3682 mdia,
841 3581 916 3694 qui
943 3579 990 3663 in
1038 3578 1214 3665 viverris
1241 3580 1449 3682 tenedon
1491 3590 1622 3668 maci
1648 3581 1785 3665 forma
1810 3575 1947 3663 ursina

260 3728 417 3840 magis,
460 3728 507 3814 in
536 3729 712 3817 viverris
734 3729 1030 3845 gracilentior;
1075 3741 1189 3817 sinus
1227 3733 1425 3818 sebaceus
1462 3731 1648 3818 foetidus
1686 3732 1764 3819 sub
1803 3730 1947 3825 cauda,

260 3879 482 3993 plerasque
511 3883 564 3966 ab
592 3881 697 3966 ursis
725 3881 965 3999 distinguit,
1011 3880 1122 3968 sicut
1150 3915 1173 3967 a
1201 3882 1378 3968 viverris
1420 3885 1584 3971 minore
1612 3890 1804 3999 ogilm
1832 3880 1946 3968 diue

260 4052 372 4114 runt.
429 4034 715 4144 Magnitudine
742 4057 838 4119 aunt
865 4033 1147 4127 intermediae
1176 4057 1220 4121 et
1246 4058 1411 4125 tantum
1437 4068 1464 4121 a
1501 4036 1698 4139 viverris,
1749 4055 1947 4151 quantun

260 4177 343 4267 lrae
368 4214 398 4267 a
426 4184 616 4271 mustelis
652 4207 696 4271 et
724 4187 856 4272 ·lutris
878 4187 1056 4273 distant.

739 4524 825 4621 19.
915 4499 1186 4594 MELES
1243 4501 1474 4595 Tarus.

398 4756 461 4835 M.
489 4750 702 4857 cinereus,
738 4757 882 4841 subtus
910 4777 1020 4862 atet,
1050 4755 1190 4872 capite
1216 4757 1449 4860 albicante,
1479 4752 1609 4840 fascia
1638 4754 1837 4869 utrinque
1863 4751 1943 4839 lm·

255 4898 490 5013 gitudlnali
515 4904 648 5019 nigra.
