4410 5910
1055 412 1201 463 a
1898 415 1964 504 tr

275 632 448 722 angusta
475 632 519 693 et
545 633 768 724 praerupta
793 608 1083 734 promontoria
1103 608 1382 723 compellere,
1425 633 1470 697 et
1485 610 1546 705 ‚in
1580 642 1779 728 praeceps
1807 647 1958 733 cogere
2045 596 2048 601 ¹

178 811 180 815 ·
272 763 384 845 saltu
409 790 454 844 se
481 762 580 844 dare
607 759 716 862 neci,
746 761 937 872 adeoque
962 760 1080 845 facili
1111 761 1264 875 praeda
1290 758 1434 874 potiri.
1500 761 1673 847 Animal
1702 762 1785 851 hoc
1813 769 1955 854 certis·

273 910 379 996 sime
407 943 432 994 a
461 909 573 999 notis
599 910 819 1026 speciebus
846 909 1040 997 omuibus
1067 910 1303 1013 diversum,
1323 933 1426 997 oum
1453 911 1503 999 C.
1530 942 1658 1000 aureo
1684 918 1823 1013 multa
1845 948 1957 1004 com-

267 1060 418 1146 munia
444 1060 612 1162 videtur
638 1059 810 1145 habere.
874 1058 1125 1166 Accuratior
1150 1067 1238 1171 ejus
1267 1057 1445 1145 historia
1471 1084 1516 1147 et
1552 1064 1779 1180 descriptio
1815 1071 1956 1156 admo·

274 1212 376 1296 dum
404 1211 701 1315 desideranda,
730 1234 774 1295 et
799 1214 906 1320 forte
933 1210 979 1296 in
1005 1187 1276 1327 producenda
1311 1242 1474 1332 canum¹
1491 1214 1819 1301 domesticorum
1846 1249 1955 1306 com·

197 1346 209 1359 ⁸
271 1361 409 1478 posita
435 1361 565 1478 stirpe
592 1394 707 1448 suam
733 1373 901 1478 quoque
928 1362 1174 1478 symbolam,
1225 1390 1357 1474 aeque
1384 1393 1432 1444 ac
1459 1368 1645 1477 Hyaena,
1676 1366 1779 1450 Can.
1795 1399 1954 1475 aureus,

271 1520 412 1627 Lupus
453 1536 497 1597 et
523 1515 694 1630 Vulpes,
720 1515 954 1601 contulit?
973 1510 1316 1626 Descriptionem
1340 1512 1570 1597 interitus
1592 1513 1774 1627 pellibus
1801 1517 1953 1634 imper·

268 1666 427 1749 lectam
459 1667 589 1767 dabo,
636 1695 737 1778 quas
771 1667 914 1755 Nobili
946 1668 1191 1777 Billings
1227 1691 1253 1746 e
1288 1662 1442 1747 Sibiria
1477 1693 1653 1751 reverso,
1679 1668 1837 1774 debeo,
1880 1669 1956 1782 qui

203 1896 208 1905 .
269 1817 322 1899 ab
351 1816 446 1900 Uda
473 1819 515 1899 fl.
542 1814 692 1899 tenuit.
730 1934 737 1951 ,

403 2053 582 2137 Descr.
631 2053 736 2165 Cop-
776 2048 943 2136 videtur
981 2074 1112 2136 rostro
1151 2073 1371 2177 peracuto,
1413 2028 1588 2173 vulpino
1628 2053 1773 2157 fuisse,
1814 2075 1953 2140 totum

266 2199 503 2315 brevipile,
552 2199 945 2305 intense-fidvum,
995 2197 1183 2314 'margine
1223 2221 1388 2284 tanturn
1423 2199 1529 2311 labii
1569 2192 1819 2318 superioris,
1867 2235 1952 2290 me-
2090 2303 2093 2306 .

268 2352 372 2441 xilla
398 2349 598 2438 inferiore
624 2372 669 2436 et
694 2351 791 2465 gula
818 2351 937 2438 albia
992 2352 1133 2451 Aures,
1152 2346 1398 2451 mediocres,
1428 2349 1600 2437 mollius
1613 2352 1803 2457 villosae,
1831 2356 1951 2439 obso-

266 2501 391 2586 letius
417 2504 711 2588 fulvescentes.
765 2505 977 2612 Mystoces
1003 2498 1255 2602 mediocres,
1283 2521 1469 2587 testaceo
1482 2551 1497 2566 ·
1510 2503 1782 2604 mlesceutes3
1810 2511 1951 2618 polpe-
1995 2487 1998 2489 μ

267 2652 361 2738 brae
388 2651 562 2766 pilosae,
591 2652 667 2739 vix
689 2680 768 2751 ora
793 2653 910 2737 nuda
931 2658 1065 2763 nigra.
1121 2652 1245 2758 Pellio
1270 2656 1369 2735 villo
1396 2650 1537 2764 longo,
1565 2651 1674 2753 rudi,
1702 2654 1850 2767 lupino
1876 2682 1946 2738 ve·

265 2802 378 2905 atita,
423 2822 514 2885 tota
541 2803 716 2919 vulpino
743 2803 885 2887 colore
913 2800 1164 2902 fulrissima,
1208 2802 1331 2884 dorso
1357 2798 1591 2923 intensius,
1633 2788 1796 2886 versus
1814 2803 1947 2898 latera

266 2951 420 3038 sensim
442 2948 630 3037 dilutius.
685 2955 1001 3040 Subtustractus
1014 2948 1345 3065 longitudinalis,
1375 2973 1582 3064 angustus,
1611 2951 1942 3040 sordide-albus.
2004 2948 2009 2957 ’

264 3100 390 3187 Attus
415 3121 461 3183 et
486 3103 646 3187 femora
672 3125 793 3188 extus
820 3101 955 3189 diluto
981 3102 1109 3203 fulva,
1137 3098 1314 3184 interius
1342 3101 1451 3186 alba.
1519 3102 1647 3186 Pedes
1680 3101 1812 3188 antici
1844 3133 1946 3218 pen·

263 3249 481 3363 tadactyli,
510 3251 679 3365 pollicis
705 3252 858 3345 remoti
883 3282 1016 3364 ungue
1041 3249 1341 3352 robustissimo,
1371 3250 1548 3354 falcato,
1594 3251 1737 3363 nigr03
1772 3253 1945 3366 reliquis

264 3429 420 3516 ungues
447 3402 631 3489 deerant.
689 3406 836 3489 Gauda
862 3401 1142 3503 villosissima,
1171 3399 1300 3511 etiam
1327 3399 1499 3513 vulpina
1524 3401 1678 3503 laxior,
1707 3378 1807 3516 pilis
1834 3401 1944 3485 rudi·

266 3549 357 3652 bus,
399 3552 486 3634 fere
526 3551 702 3661 ursinis,
736 3550 1174 3666 subsexpollicaribus,
1215 3551 1341 3651 fulva,
1382 3549 1640 3664 longioribus
1678 3548 1780 3665 pilis
1808 3548 1941 3662 nigris

269 3700 528 3805 obumbrata,
573 3701 695 3819 apice
733 3723 824 3788 tota
850 3723 951 3785 atra.
1007 3704 1201 3787 Mensura
1237 3697 1400 3816 (pellis)
1428 3730 1452 3782 a
1479 3730 1641 3786 summo
1670 3730 1770 3785 naso
1799 3700 1852 3784 ad
1879 3731 1942 3784 or-

272 3866 354 3932 tum
379 3854 533 3938 caudae
561 3855 610 3941 δ’.
638 3858 699 3961 9”.
728 3857 798 3941 6”’.
826 3854 982 3938 caudae
1010 3852 1100 3937 sine
1128 3850 1218 3965 pilo
1252 3855 1296 3931 ι’.
1326 3853 1386 3935 3”.’
1416 3856 1487 3935 dm.
1523 3850 1618 3935 villi
1653 3851 1785 3967 apicis
1823 3882 1944 3936 exsu-

276 4022 408 4104 perant
430 4003 539 4088 ultra
567 4005 631 4091 6'‘.
658 4038 685 4090 a
709 4034 872 4091 summo
898 4024 1032 4089 rostro
1060 4003 1114 4086 ad
1141 4001 1285 4086 oculos
1307 4007 1374 4105 -4”.
1404 4003 1457 4084 ad
1485 4031 1601 4087 aures
1630 4007 1689 4088 δ”.
1719 4005 1789 4087 6”’.
1830 4000 1941 4086 Alti-

281 4144 368 4230 tudo
391 4183 414 4240 a
438 4154 558 4271 spina
587 4158 640 4241 ad
667 4157 801 4243 calces
828 4154 947 4271 pedis
975 4183 999 4236 e
1026 4152 1140 4268 pelle
1168 4152 1335 4236 videtur
1368 4150 1493 4236 fuisse
1521 4150 1690 4237 circiter
1724 4172 1767 4237 ι’.
1798 4167 1858 4238 6”.

395 4370 438 4453 N
441 4393 503 4459 ot.
558 4375 630 4458 An
656 4369 769 4459 huot
807 4375 949 4501 Lupus
985 4392 1119 4458 rostro
1156 4369 1360 4472 acutiore,
1402 4369 1515 4455 collo
1543 4368 1768 4469 albidiore,
1811 4397 1937 4481 quam

274 4505 454 4625 vulsstiria,
481 4522 529 4609 in
554 4523 794 4611 venatione
819 4522 1091 4638 Imperatoris
1117 4520 1319 4621 Sinensis,
1348 4518 1460 4604 inter
1496 4518 1719 4631 Antilopas
1754 4539 1936 4629 gutturo-

243 4663 483 4897 legturs
516 4674 793 4915 insputantur)
833 4695 997 4791 captus,
1038 4671 1087 4761 in
1123 4672 1343 4759 itinerario
1383 4659 1669 4756 Gerbilloni
1707 4670 1818 4783 apud
1856 4670 1938 4754 Du

411 4852 496 4939 ep.
523 4861 549 4911 a
603 4888 616 4913 .
