4410 5910
1030 378 1182 429 ==
1641 463 1644 472 p
1857 348 1940 472 tyr·

261 605 306 666 et
335 610 449 666 mare
479 580 681 667 arcticum
709 579 903 694 frequens
930 601 1006 663 est.
1070 586 1201 666 Deest
1227 580 1273 666 in
1302 580 1608 668 Camtschatca.
1673 589 1873 670 Versatur
1899 585 1945 672 in

261 731 431 847 irriguis
459 736 668 850 sylvarum
696 732 809 822 circa
836 733 1030 847 paludes,
1058 733 1231 820 flumina
1254 757 1296 820 et
1330 734 1463 838 lacus,
1493 756 1670 852 quorum
1691 739 1807 852 ripae
1828 739 1944 853 plan-

261 885 316 969 tis
345 885 616 1002 hydrophilis
645 889 876 984 abundant,
906 916 929 968 e
957 884 1107 1011 quibus
1134 889 1345 1001 pabulum
1363 888 1494 1003 capit,
1526 913 1569 975 et
1595 891 1642 975 in
1672 914 1788 975 antra
1815 891 1945 979 etiam

259 1036 450 1123 interdiu
477 1038 688 1152 congerit,
730 1071 769 1123 v.
799 1068 859 1157 gr.
892 1067 1085 1153 praerosa
1113 1041 1345 1152 fragmenta
1372 1044 1608 1129 culmorum
1647 1042 1946 1133 arundinaceo·

259 1225 351 1281 rum
382 1193 456 1307 qui
485 1193 711 1280 dulcedine
740 1190 809 1283 illi
836 1192 1026 1306 placent,
1068 1194 1219 1279 bulbos
1248 1194 1520 1312 Sagittarius,
1563 1196 1723 1286 radices
1751 1193 1945 1310 equiseti‚
2057 1241 2061 1251 ·

260 1345 583 1458 Sanguisorbae,
613 1344 882 1458 Claytoniae,
915 1344 1114 1458 aliasque.
1172 1346 1328 1432 Carnes
1356 1346 1532 1432 minime
1563 1347 1749 1464 appetit,
1778 1377 1857 1431 nec
1884 1368 1949 1430 est

259 1495 333 1585 hic
362 1497 438 1612 qui
467 1520 636 1583 anatum
661 1498 799 1614 pullos
819 1495 865 1580 in
888 1527 994 1610 aqua
1015 1518 1184 1598 enecat,
1212 1503 1286 1586 sed
1308 1505 1367 1584 M.
1390 1501 1651 1586 decumanus.
1710 1499 1790 1584 His
1816 1497 1947 1585 etiarn

260 1651 313 1732 ad
356 1646 557 1762 hyemem
599 1647 873 1765 praeparatis,
916 1647 961 1731 in
1001 1647 1129 1732 antris
1166 1650 1423 1764 pinguescit,
1467 1650 1665 1767 pinguior
1693 1681 1790 1736 vere
1821 1681 1947 1765 quarn

258 1823 475 1895 autumno
533 1802 761 1887 Cuniculos
783 1801 958 1888 instruit
986 1823 1177 1916 apertura
1199 1800 1244 1886 in
1267 1802 1368 1917 ripis
1392 1805 1638 1918 plerumque
1661 1801 1946 1917 subaquatica,

225 2062 228 2069 ⁴
258 1955 312 2038 ad
344 1950 507 2067 aliquot
534 1957 664 2069 pedes
693 1987 815 2071 supra
843 1984 973 2069 aquae
1003 1952 1265 2066 superficiem
1301 1956 1621 2058 adscendentes,
1659 1955 1948 2069 septempeda·

257 2104 318 2188 les
348 2128 392 2188 et
419 2107 547 2210 ultra,
576 2129 660 2191 tres
682 2131 911 2222 quatuorve
937 2106 983 2191 in
1004 2107 1153 2196 nidum
1174 2105 1426 2193 fornicatum
1446 2122 1761 2209 concurrentes,
1790 2106 1837 2191 in
1860 2137 1945 2220 quo

255 2256 387 2340 etiam
431 2289 588 2371 penum
631 2257 810 2372 colligit.
880 2267 1100 2343 Praeterea
1127 2257 1282 2372 passim
1312 2262 1388 2344 sub
1417 2259 1601 2375 caespite
1628 2259 1738 2343 fodit
1764 2259 1945 2360 canales,

256 2437 332 2523 per
360 2409 584 2516 intervalla
613 2427 753 2526 egesta
780 2408 920 2529 parvis
948 2409 1126 2495 cumulis
1153 2435 1285 2513 terra,
1330 2412 1442 2496 unde
1482 2408 1717 2526 hortulanis
1757 2409 1803 2498 in
1844 2414 1945 2495 Ger-

256 2559 399 2645 mania
439 2561 617 2669 invisus,
660 2565 831 2651 nomine
870 2567 1105 2650 Reutmaus.
1173 2540 1306 2651 Natat
1347 2561 1515 2678 egregie
1554 2585 1597 2647 et
1625 2561 1724 2649 satis
1764 2561 1838 2646 diu
1866 2563 1942 2646 sub
2049 2624 2053 2632 -

256 2743 363 2826 aqua
393 2716 535 2816 durat,
573 2718 618 2801 in
645 2716 774 2802 nassis
803 2747 903 2803 vero
932 2745 1055 2832 saepe
1084 2716 1347 2830 reperiuntur
1375 2714 1544 2802 mortui.
1615 2715 1724 2802 Cum
1750 2708 1945 2831 pruriunt

256 2863 478 2950 moschum
506 2869 644 2970 olent,
671 2867 917 2986 praesertim
945 2867 1168 2952 foeminae.
1226 2870 1336 2954 Caro
1366 2867 1559 2954 animalis
1581 2865 1737 2952 Jacutis
1766 2865 1812 2951 in
1834 2894 1943 2950 sum·

256 3018 335 3102 mis
365 3043 430 3135 est
458 3019 647 3127 deliciis,
689 3045 736 3107 ut
777 3020 951 3106 ditiores
988 3019 1118 3104 etiam
1148 3053 1171 3102 a
1199 3017 1517 3135 pauperioribus
1544 3021 1701 3104 bubula
1729 3050 1852 3105 carne
1881 3047 1943 3102 re-

256 3169 439 3274 dimant3
481 3173 734 3286 plerumque·
770 3171 921 3256 villum
959 3171 1058 3286 igne
1101 3174 1322 3255 amburunt
1364 3194 1408 3254 et
1448 3170 1698 3256 animalcula
1740 3171 1786 3254 in
1828 3172 1939 3252 lacte

255 3348 463 3439 coquunt,
494 3356 547 3409 ue
574 3347 721 3443 pereat
749 3326 888 3438 adeps,
920 3354 1018 3408 vere
1046 3323 1144 3408 illos
1174 3322 1358 3407 maxime
1388 3344 1616 3423 venantur,
1642 3321 1737 3404 cum
1766 3319 1939 3408 inunda-

252 3475 373 3562 tione
402 3477 619 3562 fluminum
647 3478 694 3578 in
723 3480 889 3561 arbores
917 3476 1149 3591 pelluntur,
1191 3473 1281 3562 imo
1321 3473 1536 3587 decipulas
1579 3495 1764 3556 statuunt
1805 3495 1853 3554 ut
1885 3471 1939 3554 iis

253 3629 485 3744 potiantur.
553 3625 686 3715 Pelles
726 3629 945 3744 hyemales
985 3651 1126 3714 autem
1166 3650 1333 3712 servant
1360 3649 1404 3710 et
1444 3655 1520 3742 pro
1549 3623 1813 3709 vestimentis
1842 3654 1939 3711 con·

253 3803 400 3881 suunt3
441 3806 635 3866 tenerum
660 3783 776 3867 enim
804 3803 847 3866 et
875 3780 1004 3889 molle
1033 3782 1167 3864 vellus
1194 3804 1258 3866 est
1286 3781 1512 3865 admodum
1540 3777 1800 3865 electricum.
1865 3784 1939 3860 La·

253 3936 409 4019 borant
435 3935 622 4049 pediculo
648 3931 873 4049 peculiari,
915 3931 1176 4047 tardigrado,
1217 3930 1403 4020 humano
1432 3928 1614 4014 dimidio
1642 3931 1819 4013 minore.
1889 3935 1937 4010 In

253 4089 382 4170 dorso
410 4085 606 4200 utrinque
635 4085 754 4201 quasi
781 4085 981 4190 cicatrix,
1026 4089 1079 4170 de
1115 4113 1197 4197 qua
1226 4086 1365 4168 fabula
1393 4085 1649 4182 Jacutorum,
1694 4080 1771 4167 hos
1800 4068 1969 4166 mures'

252 4236 367 4320 ranis
393 4268 469 4351 pro
497 4239 614 4352 equis
644 4237 819 4339 servire,
861 4238 1043 4352 ideoque
1070 4267 1122 4321 eo
1149 4237 1245 4321 loco
1274 4235 1475 4324 detritum
1504 4233 1637 4318 vellus
1667 4262 1769 4316 esse.

279 4448 290 4461 ‘
389 4447 434 4529 N
440 4467 538 4530 ota.
594 4446 797 4532 Linrtaeus
824 4443 938 4532 hunc
967 4477 1128 4534 murem
1157 4443 1262 4530 mire
1292 4440 1612 4559 multiplicavit,
1641 4441 1767 4526 modo
1794 4441 1936 4566 Casto.-

249 4630 365 4700 rem,
408 4598 535 4682 modo
564 4603 730 4683 Murem
754 4590 1044 4715 'amphibium,
1086 4578 1346 4696 terrestrem,
1388 4595 1637 4712 paludosum
1667 4591 1933 4710 appellando·

250 4748 420 4842 Obtuso
447 4749 588 4867 capite
618 4750 862 4868 auriumque
889 4750 1097 4842 brevitate
1126 4748 1319 4872 sequenti
1348 4745 1491 4872 generi
1519 4746 1652 4836 affinis
1679 4767 1755 4834 est·
1836 4741 1841 4749 ⁸

1565 4913 1588 4959 0
