4410 5910
266 452 326 555 68
1035 474 1184 527 =

264 698 444 794 ponunt,
473 706 528 763 ne
555 676 735 794 strepitu
760 674 858 762 illos
884 678 1083 791 prodant,
1123 697 1167 760 et
1191 672 1295 760 nudi
1322 692 1560 758 transcursu
1586 670 1712 758 illum
1731 676 1956 790 configunt

263 836 486 943 jacentem.
544 831 737 914 Tandem
763 829 992 944 plurimum
1018 829 1065 913 in
1093 827 1304 913 cubilibus
1332 828 1562 911 caeduntur
1600 825 1708 931 ursi,
1745 856 1856 945 quae
1882 826 1958 913 ubi

265 1010 289 1065 e
318 980 511 1094 vestigiis
539 983 608 1066 vel
637 1013 661 1067 e
688 981 911 1098 vaporibus
940 984 1150 1066 adstantes
1179 983 1344 1066 arbores
1371 979 1522 1095 pruina
1549 978 1850 1080 vestientibus,
1886 978 1958 1065 vel

264 1162 361 1217 casu
390 1136 643 1218 detexerunt
671 1158 908 1238 venatores,
949 1155 1046 1250 post
1072 1131 1321 1218 Decembris
1348 1135 1493 1236 finem,
1536 1159 1666 1246 quum
1693 1133 1781 1219 alto
1808 1160 1959 1219 somno

263 1314 507 1400 oppressum
534 1287 705 1369 demum
732 1286 897 1399 quievit
924 1285 1100 1388 animal,
1130 1288 1240 1369 facta
1253 1306 1464 1400 apertura,
1494 1282 1678 1400 sopitum
1691 1283 1956 1393 confodiunt.

263 1437 395 1523 Pelles
421 1465 498 1552 pro
527 1437 738 1522 cubilibus
766 1459 811 1521 et
836 1436 1025 1552 tegmine
1053 1436 1247 1551 hyberno
1283 1435 1462 1520 Sibiriae
1497 1436 1666 1551 populis
1700 1435 1955 1537 inserviunt3

264 1586 310 1670 in
338 1587 486 1673 Rossia
514 1588 730 1674 traharum
757 1590 1020 1705 operimenta
1047 1612 1092 1674 et
1118 1589 1300 1674 cassides
1328 1588 1531 1673 militares
1557 1586 1659 1673 inde
1685 1590 1803 1673 fiunt.
1880 1588 1956 1675 Ca·

261 1738 446 1824 tulorum
472 1742 607 1856 pelles
634 1742 761 1856 plane
790 1764 903 1827 atrae
929 1774 1006 1859 pro
1033 1740 1229 1859 pelliceis
1255 1740 1434 1827 lacernis
1463 1739 1845 1840 aestimatissirnae;
1882 1739 1954 1825 sed

263 1890 537 1977 adultioribus
565 1893 691 1977 fuscis
718 1896 1009 2009 praeferuntur
1033 1902 1122 2008 jure
1162 1896 1280 1980 Ursi
1308 1902 1551 1992 αηιετίεαηί,
1579 1893 1721 2008 specie
1748 1891 1840 1977 sine
1882 1893 1953 1976 du·

259 2042 333 2129 bio
363 2042 577 2147 distincti,
608 2043 828 2157 nigerrimi
855 2069 898 2130 et
926 2047 1053 2132 fulvis
1082 2045 1200 2160 genis
1226 2045 1424 2159 insignes.
1482 2049 1705 2130 Comeret
1737 2043 1951 2161 pinguedo

261 2195 313 2279 ab
341 2194 536 2280 omnibus
563 2195 610 2279 in
640 2195 807 2281 deliciis
835 2196 1033 2301 habetur,
1064 2223 1107 2283 et
1134 2197 1349 2312 Petropoli
1378 2197 1501 2281 assati
1530 2196 1713 2281 altilium
1742 2194 1952 2309 juniorum

260 2374 469 2449 ursorum,
519 2345 638 2432 domi
665 2347 774 2431 lacte
801 2371 845 2433 et
871 2381 981 2465 pane
1010 2354 1305 2452 educaturum,
1348 2348 1484 2433 lumbi
1512 2348 1557 2433 in
1586 2378 1811 2464 procerum
1838 2375 1951 2432 meu·

259 2526 323 2580 sas
351 2498 627 2613 adponuntur.
687 2503 818 2585 Bllem
843 2503 928 2587 ursi
957 2502 1003 2588 in
1030 2502 1216 2587 febribus
1242 2499 1621 2586 intermittentibus
1651 2522 1777 2613 atque
1818 2499 1951 2585 ictero

260 2654 471 2753 (necnon
502 2653 555 2735 ad
591 2651 732 2766 plures
760 2652 864 2737 alios
892 2657 1079 2765 morbos)
1107 2685 1192 2739 non
1220 2652 1310 2737 sine
1339 2654 1474 2736 fructu
1501 2651 1700 2766 propinat
1724 2656 1948 2736 Rossorum

258 2799 423 2914 vulgus.
484 2802 625 2887 Etiam
652 2824 802 2919 potant
828 2828 872 2889 et
899 2804 1107 2920 inungunt
1143 2828 1287 2891 contra
1315 2827 1498 2889 tumores
1532 2825 1577 2886 et
1604 2803 1772 2887 dolores
1801 2799 1952 2885 arthri-

256 2947 592 3040 rico-venereos.
648 2959 732 3041 Cor
757 2986 924 3072 quoque
954 2961 1216 3042 combustum
1243 2986 1321 3071 pro
1349 2954 1559 3040 medicina
1604 2976 1805 3039 servatur.
1877 2958 1948 3037 Fa·

257 3101 357 3185 buia
384 3109 514 3190 etiam
552 3107 599 3191 in
640 3105 813 3212 Sibiria,
858 3111 911 3192 de
954 3116 1114 3196 calculo
1146 3108 1266 3192 ‘inter
1306 3110 1514 3191 musculos
1554 3105 1640 3190 ursi
1682 3102 1947 3219 reperiundo,

255 3283 382 3368 quem
409 3280 620 3345 ventosum
659 3261 875 3375 appellant
912 3263 1139 3372 (Wetreuoi
1165 3265 1341 3369 Kamen)
1384 3281 1428 3342 et
1468 3289 1552 3372 quo
1592 3254 1731 3342 Jacuti
1771 3252 1962 3351 brachio.

255 3405 428 3519 alligato
456 3433 500 3494 et
528 3413 582 3495 ad
610 3409 721 3496 hanc
749 3415 818 3496 vel
847 3412 967 3497 illam
994 3414 1162 3527 plagam
1203 3442 1342 3514 verso,
1388 3432 1560 3495 ventum
1596 3438 1653 3492 ex
1681 3408 1835 3491 eadem
1861 3403 1949 3521 pla·

254 3584 306 3670 ga
329 3560 490 3645 elicere
518 3564 718 3649 feruntur.
790 3564 853 3651 Os
888 3563 1052 3652 humeri
1097 3562 1332 3648 hodienum
1374 3558 1689 3647 Camtschadali
1726 3586 1804 3674 pro
1841 3558 1948 3641 falc·

256 3708 310 3791 ad
337 3715 518 3795 secanda
546 3713 735 3824 gramina
764 3737 921 3829 aptant.
977 3720 1173 3799 Intestina
1202 3715 1364 3797 sufflata
1407 3718 1452 3796 et'
1489 3714 1588 3825 gelu
1616 3709 1832 3795 exsiccata
1859 3707 1945 3824 pel·

255 3858 539 3966 lucidissima,
591 3866 644 3947 ad
685 3871 842 3950 Lanam
885 3888 929 3950 et
967 3865 1015 3949 in
1057 3862 1351 3953 Camtschatca
1391 3895 1469 3979 pro
1511 3859 1703 3947 fenestris
1743 3856 1943 3947 serviunt.

254 4008 413 4094 iisdem
442 4012 862 4102 Camtschadalorum
889 4017 1161 4103 mulierculae
1198 4015 1439 4100 luxuriosae
1481 4036 1637 4099 aestate
1680 4010 1836 4098 faciem
1875 4010 1943 4097 ob·

255 4159 480 4273 glutinant,
508 4194 562 4249 ne
591 4197 616 4250 a
643 4169 732 4253 sole
760 4192 964 4255 torreatur
990 4192 1135 4257 tenera
1163 4167 1284 4255 cutis.
1342 4174 1512 4254 Nomen
1540 4166 1660 4254 fluvii
1686 4166 1865 4253 abaco
1891 4162 1940 4247 ab

252 4312 339 4399 ursi
366 4315 566 4431 sanguine
595 4341 841 4411 mutuatum.

384 4602 429 4683 N
433 4624 532 4689 ota.
589 4611 717 4692 Anno
745 4644 861 4718 177¹·
875 4609 1151 4724 migrantibus
1165 4633 1284 4714 tunc,
1313 4612 1369 4697 ob
1384 4636 1574 4694 annonae
1586 4607 1696 4692 forte
1710 4599 1940 4720 penuriam,

250 4775 503 4841 emontano
543 4780 680 4844 tractu
724 4762 1014 4876 frequentibus
1055 4765 1179 4869 ursis,
1222 4762 1433 4849 rarissimo
1460 4736 1680 4873 exemplo,
1710 4788 1734 4840 a
1760 4746 1939 4839 Burattit

252 4925 369 4987 ursus
389 4904 515 5018 plane
542 4910 683 5018 albus,
719 4911 840 5001 vivus
865 4937 1011 5033 captus
1038 4916 1133 5007 suit.
1188 4918 1303 5004 Albo
1316 4966 1332 4983 ·
1346 4915 1550 5031 nigroque
1579 4899 1938 5023 variegatam-cir
