4410 5910
1011 320 1160 371 ΕΞ
1842 321 1933 411 ⁵3⁷

250 523 399 613 Cauda
437 521 669 637 forcipata,
710 518 865 607 sensim
895 522 1167 621 decrescens3
1207 524 1394 608 rectrices
1428 553 1504 631 m..
1557 522 1687 610 Pedes
1719 520 1937 636 comeolis

248 698 428 762 rostrum
454 697 498 760 et
525 703 683 788 ungues
710 672 932 786 nigricant.

186 804 189 815 '
613 832 652 955 *)
696 840 820 950 159.
908 831 1296 923 urnuuno
1367 835 1565 928 nerra.

383 985 441 1064 H.
471 980 605 1064 cauda
632 975 837 1093 lorcipata
857 973 1118 1091 acutipenni,
1146 1005 1321 1092 corpore
1342 979 1480 1081 fusco,
1506 979 1605 1095 gula
1625 976 1938 1097 abdomineque¹

249 1127 349 1217 albo
367 1181 382 1197 ·
397 1128 619 1245 argenteis.

468 1282 661 1367 Hirundo
688 1279 842 1397 riparia
869 1279 1066 1384 maxima,
1095 1280 1292 1367 Edward.
1323 1315 1389 1369 aa.
1419 1287 1504 1371 tab.
1537 1320 1602 1396 27.

469 1433 662 1518 Hirundo
689 1435 854 1533 Melba,
883 1439 972 1518 Lin.
1003 1454 1107 1544 syst.
1136 1435 1234 1518 XII.
1263 1437 1296 1517 l.
1325 1468 1364 1550 p.
1394 1450 1489 1540 345.
1514 1470 1575 1553 sp.
1612 1472 1673 1522 11.

388 1590 439 1670 In
467 1582 720 1670 Chersonesi
759 1582 945 1671 tauricae
987 1583 1210 1671 maritimis
1251 1586 1460 1671 montanis
1487 1616 1586 1672 vere
1627 1587 1779 1674 advola
1816 1587 1937 1675 nidu-

252 1737 362 1825 latur
388 1736 500 1822 circa
527 1767 649 1852 rupes
677 1738 784 1822 mari
811 1735 1083 1822 imminentes
1110 1761 1353 1853 praeruptas
1367 1759 1411 1821 et
1425 1737 1619 1823 elatiores
1639 1761 1794 1840 turres,
1821 1771 1939 1856 prae·

253 1891 399 1977 sertim
429 1893 685 1974 desertarum
715 1888 875 1974 arcium
902 1891 1094 1993 Saldajae
1121 1911 1166 1973 et
1195 1888 1380 1987 Palacii,
1423 1917 1503 1974 nec
1542 1919 1628 1973 non
1654 1887 1701 1974 in
1727 1914 1841 1977 turre
1870 1920 1938 1976 ec·

252 2041 408 2127 clesiae
437 2038 638 2125 tataricae
666 2039 765 2156 pagi
803 2036 1073 2124 Scheik-koi
1112 2042 1166 2124 ad
1206 2043 1305 2125 fluv.
1346 2041 1611 2125 Beschderels.
1681 2041 1939 2158 Vespertina

254 2214 299 2277 et
325 2190 476 2277 diurno
504 2193 648 2276 volatu
676 2219 793 2310 vaga.
851 2191 1014 2277 Stridor
1041 2194 1128 2276 fere
1156 2189 1351 2276 Falconis
1377 2190 1651 2277 Tinnunculi.
1712 2195 1847 2278 Nidus
1872 2191 1940 2276 in·

255 2364 321 2428 ter
347 2373 460 2427 saxa.
517 2342 700 2427 Falculis
727 2341 986 2427 validissime
1015 2322 1245 2456 prehendit
1272 2364 1326 2465 et.
1344 2364 1553 2456 arreptam
1582 2374 1752 2428 manum
1775 2346 1829 2428 ad
1850 2375 1940 2428 san·

257 2493 431 2609 guinem
456 2526 588 2608 usque
616 2495 820 2581 vulnerat.
891 2494 1176 2580 Pectoralibus
1203 2491 1401 2580 musculis
1428 2516 1472 2578 et
1497 2516 1638 2580 sterno
1667 2492 1940 2600 validissima,

253 2668 304 2732 ut
330 2645 405 2731 vix
431 2677 559 2730 manu
590 2645 777 2746 retineri⁴
792 2644 938 2762 possit.

393 2800 570 2884 Descr.
628 2796 817 2882 Maxima
844 2798 1019 2885 omnino
1047 2795 1112 2882 sui
1139 2795 1315 2911 generis,
1347 2799 1480 2913 apode
1508 2798 1644 2884 multo
1671 2799 1828 2914 major,
1864 2799 1942 2887 vix

256 2946 537 3064 Caprimulgo
564 2949 765 3046 inferior,
794 2951 883 3032 fere
910 2947 1150 3032 semilibris.
1206 2951 1398 3030 Rostrum
1430 2949 1620 3058 nigrum,
1648 2932 1812 3051 debile,
1850 2951 1943 3035 sub-

259 3103 494 3203 adancum‚
526 3099 637 3184 rictu
664 3099 878 3197 maximo,
912 3096 1143 3201 latissimo,
1185 3097 1297 3183 intus
1326 3097 1594 3183 violascente.
1650 3101 1812 3219 Lingua
1841 3129 1937 3185 con·

258 3252 399 3355 color,
428 3274 627 3365 angusta,
662 3255 835 3337 cordato
853 3247 1073 3364 sagittata,
1111 3247 1231 3365 apice
1262 3272 1436 3362 angusto
1449 3266 1482 3353 ,θ
1499 3249 1657 3348 bifida,
1697 3249 1866 3334 laciniis
1892 3248 1943 3334 li·

259 3401 467 3488 nearibus.
525 3405 657 3488 Nares
684 3435 805 3518 supra
831 3401 952 3487 basin
981 3398 1129 3504 rostri,
1159 3401 1394 3513 oblongae,
1421 3383 1620 3516 plumulis
1647 3403 1736 3485 fere
1759 3402 1941 3506 cinctae,

261 3583 419 3636 sursum
449 3552 617 3637 hiantes
646 3578 837 3668 apertura
864 3551 1307 3665 lineari-sigmoidea‚
1337 3552 1649 3674 longitudinali.
1705 3556 1835 3639 Irides
1860 3555 1941 3637 fus·

261 3733 364 3803 cae3
405 3704 630 3819 Palpebrae
660 3708 795 3789 fuscae
825 3694 987 3808 nudae,
1027 3702 1162 3787 limbo
1188 3703 1389 3817 plumulis
1419 3702 1519 3787 atris
1547 3704 1784 3801 fimbriato,
1824 3734 1942 3818 supe·

262 3853 349 3939 rior
373 3857 462 3939 lere
482 3855 609 3940 latior
633 3855 846 3941 inferiore.
901 3857 1289 3969 Periapbthalmium
1316 3857 1462 3957 breve,
1498 3853 1705 3941 acantho
1733 3854 1943 3938 anteriore

262 4008 443 4123 desuper
470 4008 702 4121 obliquum.
769 4009 999 4122 supercilia
1027 4034 1051 4088 e
1079 4005 1234 4118 plumis
1274 4004 1321 4089 in
1346 4004 1516 4091 cristam
1557 4030 1745 4120 argutam
1785 4003 1944 4092 coactis

261 4157 526 4273 prominula,
571 4165 647 4246 sub
676 4158 827 4273 quibus
856 4181 953 4242 ante
979 4158 1150 4243 oculum
1177 4158 1343 4271 loveola
1371 4158 1571 4271 plumulis
1602 4157 1781 4271 piliferis
1809 4157 1944 4241 minu-

260 4307 317 4392 tis
346 4309 496 4395 obsita.
553 4314 711 4429 Corpus
737 4342 859 4424 supra
886 4330 1023 4393 totum
1048 4309 1166 4391 fusco
1182 4356 1196 4372 ·
1210 4306 1424 4392 cinereum
1451 4308 1711 4411 lucidulam,
1741 4307 1824 4393 oris
1849 4308 1945 4423 plu-

264 4491 427 4546 marum
454 4462 682 4563 exsoletis,
723 4492 865 4546 versus
898 4458 1149 4574 uropygium
1176 4460 1508 4545 canescentibus.
1574 4461 1725 4545 Subtus
1753 4490 1846 4542 area
1874 4488 1946 4570 gu·

263 4610 331 4696 lae
358 4642 535 4726 magna,
566 4637 714 4717 ovata,
743 4614 894 4713 nives3
930 4611 1145 4725 cingulum
1173 4609 1307 4722 juguli
1332 4611 1755 4724 fusco-nigrescens,
1797 4631 1947 4724 pectus

262 4793 358 4849 cum
388 4787 533 4850 ventre
562 4765 816 4866 candidum,
856 4767 1196 4878 subargentatum
1208 4822 1222 4860 ,
1261 4759 1490 4847 rhachibus
1528 4763 1765 4876 plumarum
1792 4759 1946 4842 tenuis·

262 4914 371 5002 time
399 4915 539 5004 fuscis.
595 4921 781 5006 Crissum
802 4939 849 5002 et
875 4917 1009 5003 latera
1037 4910 1192 5032 plumis
1212 4911 1551 5110 ¹nigricantibrerg,
1579 4913 1722 5003 albida
1744 4909 1948 5027 margina-
