4410 5910
259 408 348 525 ¹38
484 432 488 437 ·
1019 430 1168 486 ·-·-·=

260 640 343 729 ai..
377 633 598 724 Facillime
619 630 750 719 etiam
763 627 994 718 cicurandi.
1050 634 1269 715 Praeterea
1279 626 1459 728 Blattas,
1485 622 1796 733 Tenebrionet,
1824 624 1949 743 Gryl-

258 790 460 896 loe,i1no
488 787 676 878 Cimices
704 787 921 869 devorant.

394 1001 438 1086 N
445 1022 543 1086 oto.
601 1001 777 1085 Feminis
821 1022 1027 1078 mammae
1071 1005 1095 1081 5
1136 987 1316 1109 parium.
1386 989 1547 1081 coecos
1588 988 1772 1106 pariunt.
1841 989 1949 1079 vidi

257 1155 442 1271 juniores
469 1175 582 1239 totos
611 1150 742 1236 albos.
769 1182 826 1215 -ι
855 1145 1104 1243 Erinaceus,
1145 1172 1272 1259 quem
1307 1171 1384 1258 pro
1413 1141 1576 1226 albineo
1604 1141 1793 1227 delineat
1819 1144 1950 1234 Sebo

259 1311 380 1418 (thes.
409 1309 443 1389 Ι.
472 1305 558 1390 tab.
586 1319 654 1408 49.
674 1304 761 1415 fig.
790 1317 831 1405 4.
859 1319 899 1383 ct
928 1301 988 1408 5.)
1017 1296 1187 1382 videtur
1214 1291 1396 1408 vulgaris
1423 1321 1535 1391 esse,
1561 1300 1677 1406 cujus
1703 1293 1819 1381 nitor
1838 1297 1949 1384 [οι-ιο

256 1486 286 1545 o
311 1456 536 1574 spirituoso
563 1453 729 1569 liquore
757 1472 802 1535 et
828 1445 1087 1566 pinguedine
1125 1445 1321 1531 inductus
1348 1467 1450 1531 erat.
1521 1445 1646 1533 Certe
1687 1443 1801 1532 nihil
1841 1455 1949 1561 ejuc-

259 1608 378 1696 modi
404 1637 480 1725 per
506 1627 644 1691 totum
672 1600 894 1687 Rossicum
935 1596 1164 1717 Imperium
1191 1595 1429 1696 invenitur,
1467 1594 1675 1685 eticonis
1710 1597 1949 1689 similitudo

259 1760 400 1880 potius
426 1789 525 1846 cum
551 1762 624 1842 Er.
652 1761 836 1869 vulgari,
864 1783 992 1871 quarn
1017 1782 1116 1838 cum
1144 1761 1291 1837 aurito.

453 2071 544 2165 60.
633 2061 1121 2174 ERINACEUS
1174 2067 1409 2156 auritus.
1473 2061 1621 2154 TAB.
1657 2055 1748 2155 XI.

397 2319 450 2401 E.
480 2312 649 2400 auribus
676 2308 867 2398 oralibus
895 2306 1035 2426 capite
1062 2304 1343 2423 longioribus,
1380 2303 1547 2393 narium
1574 2303 1763 2423 margine
1791 2309 1944 2426 promi-

261 2466 364 2557 nulo
392 2466 621 2554 crenulato.

481 2615 708 2704 Erinaceua
737 2612 914 2720 auritus,
942 2612 1116 2700 Gmelin.
1150 2631 1255 2727 ryst.
1285 2616 1374 2699 Lin.
1402 2614 1436 2698 l.
1466 2645 1507 2727 p.
1536 2622 1624 2699 116.
1653 2642 1716 2728 sp.
1738 2629 1780 2719 4.
1808 2616 1942 2700 Schn-

535 2771 626 2869 ber,
665 2774 876 2853 mommol.
911 2770 989 2850 ΠΙ.
1030 2799 1071 2880 ρ.
1101 2779 1194 2854 562.
1237 2767 1322 2853 tob.
1360 2779 1447 2853 163.
1489 2766 1662 2853 Gmelin.
1707 2772 1797 2886 J‘un.
1838 2768 1941 2856 Noo-

536 2925 653 3008 Com.
683 2922 790 3008 Petr.
818 2921 933 3004 XIV.
969 2950 1011 3031 p.
1041 2929 1134 3027 573.
1163 2918 1247 3003 tab.
1280 2951 1344 3002 or.
1364 2921 1451 3032 fig.
1481 2934 1521 3022 4.

397 3072 637 3163 Calmuccia
665 3095 709 3156 et
736 3069 949 3184 Mongolis
976 3070 1128 3154 Dsart.
1183 3068 1391 3183 Tungusie
1419 3072 1623 3156 Daberon.
1681 3076 1731 3155 In
1759 3067 1942 3157 australi·

258 3226 401 3315 oriboa
426 3225 623 3311 Tatariae
651 3250 827 3336 magnae
855 3243 980 3336 atque
1009 3219 1210 3320 Sibiriae,
1250 3219 1353 3306 inde
1395 3254 1420 3306 a
1459 3222 1598 3335 Volga
1624 3251 1748 3307 amne
1776 3244 1822 3308 et
1849 3224 1941 3311 Car·

255 3378 352 3497 pio,
380 3405 512 3494 utque
541 3377 594 3461 ad
623 3373 838 3461 Baicalem
864 3371 1004 3457 lacum
1031 3372 1243 3486 frequens;
1272 3371 1525 3487 elegantior,
1555 3373 1789 3490 agiliorque
1816 3380 1942 3463 Euro·

254 3559 384 3648 paeo,
413 3527 620 3616 facillime
649 3524 897 3612 cicurandus
913 3544 959 3608 et
978 3544 1079 3607 tunc
1102 3523 1294 3638 apprime
1324 3525 1512 3641 lepidus,
1540 3554 1620 3611 nec
1634 3524 1762 3612 facile
1774 3526 1940 3615 oonvol·

257 3679 391 3784 vitun,
421 3680 496 3764 ced
523 3674 770 3793 praesertim
797 3704 907 3773 mas,
935 3704 1033 3759 cum
1059 3695 1234 3758 stercore
1263 3697 1409 3761 contra
1435 3676 1647 3792 tangentia
1668 3708 1842 3765 manum
1862 3674 1940 3796 api·

255 3858 330 3915 naa
358 3827 551 3914 succutit.
619 3824 925 3912 Noctambulua
953 3847 997 3910 et
1024 3823 1179 3939 frigore
1205 3825 1418 3943 torpidus,
1459 3851 1507 3913 ut
1543 3828 1745 3944 vulgaria
1787 3826 1939 3947 hyeme

252 3977 302 4065 in
328 3978 563 4097 praeruptio
589 3975 809 4064 hortorum
835 3998 881 4063 et
908 3979 1166 4064 desertorum
1202 3975 1316 4063 haud
1352 3980 1563 4095 profundo
1603 3979 1801 4089 cuniculo
1840 3980 1941 4070 deli·

252 4129 381 4218 tescit
407 4132 535 4217 modo
563 4127 792 4235 solitarius,
821 4131 892 4215 vel
919 4159 1017 4215 cum
1044 4158 1255 4245 compare.
1311 4132 1454 4216 Plures
1481 4154 1625 4218 tamen
1653 4134 1781 4220 timul
1807 4135 1938 4224 inclu-

252 4282 313 4390 ti,
339 4280 568 4370 debiliores
595 4303 774 4368 enecant
808 4302 853 4366 et
893 4282 1118 4381 devorant,
1159 4311 1284 4368 vocea
1324 4280 1528 4368 iratorum
1567 4285 1803 4371 catulorum
1842 4310 1940 4375 tamo

251 4437 428 4523 edentee
453 4462 531 4552 per
556 4455 740 4520 noctem.
806 4438 894 4519 Lac
921 4454 1034 4517 amat
1059 4433 1190 4519 instar
1215 4434 1420 4549 vulgaria,
1466 4458 1511 4521 et
1545 4437 1774 4524 lambendo
1816 4438 1938 4527 bibit.

250 4587 360 4674 Vidi
385 4614 471 4672 uno
498 4583 677 4703 prandio
718 4586 772 4668 ad
811 4583 1116 4700 quinquaginta
1157 4586 1368 4672 Meloidea
1409 4587 1679 4674 reaicatoriaa
1718 4594 1938 4679 comeden-

251 4763 363 4842 tem,
406 4736 498 4823 eine
524 4737 694 4823 damno.
764 4740 879 4822 Dum
904 4734 1195 4841 convolvitur,
1237 4769 1354 4824 aurea
1391 4739 1664 4856 complicatas
1706 4743 1936 4832 abscondit.

253 4888 379 4987 vivit
403 4887 482 4982 diu
507 4884 601 4981 eine
627 4886 746 4983 omni
770 4912 900 5009 potu,
938 4889 1028 4982 imo
1066 4888 1159 4980 tine
1198 4893 1368 5013 pabulo.
1437 4892 1672 4982 Ambulana
1707 4893 1756 4985 in
1789 4898 1934 5017 peden,
