4410 5910
1031 344 1189 414 ’ΞΕ
1854 336 1946 438 485

250 586 345 643 runt
372 579 416 643 et
443 555 679 674 placidum,
716 579 845 643 noctu
875 554 1086 641 assiduum
1115 579 1240 673 atque
1268 583 1463 642 sonorum
1492 550 1713 639 Germanis
1740 548 1947 640 Nocbtno·

248 717 322 824 gel
350 715 572 818 (nocturna
602 709 711 824 avis)
750 711 997 826 appellatur.
1068 716 1119 792 In
1162 708 1337 812 Sibiria,
1379 708 1485 792 licet
1513 708 1678 791 deserta
1705 726 1749 789 et
1778 703 1950 818 frigida,

250 862 386 945 melos
415 891 499 946 non
527 863 664 946 minus
691 892 817 946 suave
845 862 991 955 callet,
1021 891 1069 946 ac
1099 859 1144 945 in
1173 860 1351 945 cultiore
1380 882 1424 943 et
1450 858 1747 973 temperatiore
1768 863 1948 970 Europa,

251 1015 364 1126 quod
393 1035 539 1097 contra
569 1018 605 1095 Β
614 1018 864 1124 offonium
891 1017 1150 1099 monendum
1178 1033 1256 1095 est.
1312 1013 1480 1095 Femina
1500 1009 1703 1093 incubans
1731 1007 1951 1094 hominem

248 1163 428 1247 minime
458 1161 596 1248 timet.
655 1167 747 1249 Ova
774 1163 1096 1264 viridescentia‚
1136 1167 1250 1279 quod
1287 1161 1446 1278 pariter
1473 1163 1690 1269 Buffoni
1718 1156 1951 1274 hyp0thesi

250 1345 336 1401 non
364 1317 493 1399 favet.
557 1319 782 1402 Nidnlotnr
809 1314 930 1402 humi
958 1317 1070 1401 inter
1099 1320 1264 1401 arbusta
1292 1311 1553 1398 densissima.

390 1470 518 1550 Nota.
575 1472 699 1553 Color
725 1466 827 1552 huic
854 1467 1057 1584 pallidior
1084 1497 1158 1551 seu
1186 1464 1360 1550 dilutius
1388 1465 1641 1548 furvescens.
1711 1464 1859 1548 Gauda
1887 1493 1952 1548 ae·

253 1616 390 1731 qualis
418 1617 888 1732 cinereo-fuscescens,
920 1617 1009 1702 sine
1037 1615 1285 1703 rufescentis
1314 1616 1511 1701 tinctura.

523 1804 647 1870 121.
749 1775 1332 1868 MOTACILLA
1404 1755 1689 1865 Luscinia.

388 1927 451 2004 M.
484 1953 605 2035 supra
635 1931 773 2024 turva,
803 1924 945 2005 subtus
975 1921 1139 2020 albida,
1168 1922 1301 2007 cauda
1331 1918 1498 2034 aequali
1526 1904 1631 2002 rufa.

471 2071 667 2157 Luscinia
696 2107 727 2157 s.
758 2071 1017 2179 Philomela,
1048 2079 1168 2168 Atto»
1205 2076 1298 2190 Raj.
1341 2104 1407 2157 av.
1449 2104 1490 2186 p.
1526 2083 1593 2181 78.
1645 2102 1683 2154 n.
1712 2072 1754 2154 A
1771 2105 1808 2157 s.
1855 2070 1951 2158 Wit-

528 2228 668 2339 tugtb.
699 2258 784 2310 orn.
815 2260 856 2340 p.
888 2259 981 2310 nno.
1023 2226 1108 2310 tab.
1137 2242 1205 2329 4¹·
1236 2225 1398 2335 (mala).

473 2374 802 2491 Tagschlaeger,
831 2374 1060 2488 Doerling,
1089 2377 1378 2484 Schwenbfeld.
1407 2381 1516 2461 siles.
1546 2409 1588 2490 p.
1619 2410 1712 2485 297.

473 2527 670 2612 Luscinia
697 2528 968 2644 simpliciter,
997 2531 1132 2613 Klein.
1161 2559 1227 2612 αυ.
1244 2561 1298 2644 ρρ.
1327 2543 1396 2639 73.

477 2676 741 2792 Rothvogel,
772 2684 925 2765 Friscb.
956 2713 1021 2764 av.
1051 2686 1103 2764 cl.
1134 2715 1171 2763 2.
1202 2701 1298 2764 sect.
1329 2694 1367 2767 5.
1399 2683 1482 2765 tob.
1521 2714 1586 2765 αι.
1613 2682 1698 2793 fig.
1740 2719 1773 2765 1.
1805 2715 1844 2765 a.

478 2827 674 2913 Luscinia
702 2830 930 2944 sylvatica,
960 2835 1145 2916 Kramcr.
1177 2822 1305 2916 auctr.
1333 2866 1375 2948 p.
1406 2847 1500 2943 376.
1532 2865 1571 2914 n.
1606 2866 1668 2916 10.
1762 2799 1766 2807 Ι

476 2980 677 3066 Ficedula
706 2982 923 3087 Luscinia,
953 2987 1134 3068 Brisson.
1164 3015 1249 3066 orn.
1280 2988 1357 3065 III.
1403 3018 1445 3098 p.
1475 2998 1572 3093 397.
1614 3017 1652 3066 n.
1689 2997 1749 3069 13.
1790 2987 1955 3095 Buffon.

530 3166 615 3218 orn.
647 3138 696 3218 V.
725 3170 767 3252 p.
796 3150 861 3222 81.
891 3135 974 3220 tab.
1005 3150 1043 3220 6.
1062 3136 1148 3246 fig.
1184 3171 1217 3216 1.
1246 3136 1478 3220 D'Artbent.
1508 3145 1604 3250 pict.
1634 3166 1673 3218 n.
1699 3149 1792 3224 615.
1812 3139 1952 3248 figur.

481 3285 629 3397 Sylvia
660 3287 878 3391 Luscinia,
922 3289 1244 3400 scopol.an.1.
1274 3318 1314 3402 p.
1350 3302 1437 3391 154.
1469 3319 1508 3368 n.
1539 3321 1633 3397 227.

477 3438 698 3525 Motacilla
727 3438 942 3542 Luscinia,
985 3443 1075 3522 Ltn.
1105 3458 1210 3549 syst.
1239 3440 1335 3522 ΧΠ.
1380 3471 1421 3552 p.
1453 3450 1547 3524 328.
1587 3470 1650 3554 sp.
1686 3475 1719 3522 ι.
1760 3443 1953 3526 Latham.

535 3622 601 3674 av.
632 3593 701 3674 IV.
733 3625 772 3710 p.
802 3606 894 3697 408.
924 3625 964 3675 n.
1000 3628 1034 3674 1.

477 3746 536 3824 La
564 3747 765 3827 Fauvette
793 3756 961 3830 masse?
997 3744 1229 3827 D’Aubent.
1258 3749 1355 3856 pict.
1385 3744 1473 3829 tab.
1502 3756 1595 3831 58ι.
1614 3747 1700 3858 fig.
1736 3781 1770 3828 1.

365 3890 510 3975 Rossis
539 3893 603 3976 uti
630 3895 921 4009 praecedentis
984 3896 1181 3978 Armenis
1222 3895 1389 3981 Bulbul.
1458 3894 1623 3980 Tataris
1649 3895 1820 3982 tauricis
1847 3900 1951 4009 Byl-

422 4040 527 4155 byti.
583 4045 767 4131 Arabice
796 4046 975 4131 Boelbel.
1033 4045 1198 4130 Persice
1226 4068 1270 4129 et
1299 4046 1535 4134 Bocharice
1565 4049 1779 4166 Gondalip.

392 4200 508 4281 Haec
536 4196 823 4309 vulgatissima
851 4196 962 4280 inter
988 4195 1258 4295 cantatrices,
1287 4200 1516 4313 aucupibus
1542 4201 1773 4313 Rothvogcl
1800 4198 1951 4308 (Rubi-

255 4344 376 4460 cilla)
404 4349 532 4461 vulgo
561 4346 694 4451 dicta,
737 4351 932 4462 frequens
970 4369 1033 4431 est
1072 4346 1119 4431 in
1160 4349 1473 4435 australioribus
1501 4348 1732 4435 nemorosis
1760 4349 1950 4453 Rossiae,

256 4518 302 4581 et
328 4495 374 4580 in
401 4497 582 4583 Tauriae
612 4497 813 4583 montosis
840 4528 1006 4612 quoque
1041 4500 1275 4603 nidulatur‚
1306 4501 1380 4586 ubi
1408 4500 1523 4616 prior
1551 4505 1684 4587 deest.
1740 4506 1782 4584 A
1809 4501 1949 4617 primo

256 4677 404 4747 mane,
433 4652 485 4733 ad
513 4672 683 4734 noctem
711 4651 799 4732 fere
815 4649 990 4734 *assidue
1019 4673 1181 4754 cantat,
1211 4674 1339 4736 noctu
1365 4654 1454 4736 fere
1481 4652 1592 4737 silet.
1663 4654 1844 4741 Carmen
1873 4652 1951 4734 mi·

256 4826 336 4884 nus
364 4798 639 4906 concinnum,
683 4798 904 4912 minusque
945 4790 1107 4888 varium
1143 4822 1188 4888 et
1214 4798 1431 4912 sonorum,
1474 4831 1601 4919 quam
1640 4801 1956 4921 praecedentius
