<?xml version="1.0" encoding="UTF-8"?>
<!DOCTYPE html PUBLIC "-//W3C//DTD XHTML 1.0 Transitional//EN"
    "http://www.w3.org/TR/xhtml1/DTD/xhtml1-transitional.dtd">
<html xmlns="http://www.w3.org/1999/xhtml" xml:lang="en" lang="en">
 <head>
  <title>
</title>
<meta http-equiv="Content-Type" content="text/html;charset=utf-8" />
  <meta name='ocr-system' content='tesseract 3.04.00' />
  <meta name='ocr-capabilities' content='ocr_page ocr_carea ocr_par ocr_line ocrx_word'/>
</head>
<body>
  <div class='ocr_page' id='page_1' title='image "./zoographiarosso01pallgoog_0352.png"; bbox 0 0 4410 5910; ppageno 0'>
   <div class='ocr_carea' id='block_1_1' title="bbox 869 360 1895 461">
    <p class='ocr_par' dir='ltr' id='par_1_1' title="bbox 869 360 1895 461">
     <span class='ocr_line' id='line_1_1' title="bbox 869 360 1895 461; baseline 0.005 -5"><span class='ocrx_word' id='word_1_1' title='bbox 869 360 1016 414; x_wconf 50' lang='grc' dir='ltr'>Ξ</span> <span class='ocrx_word' id='word_1_2' title='bbox 1704 368 1795 461; x_wconf 73' lang='lat'><strong>³07</strong></span> <span class='ocrx_word' id='word_1_3' title='bbox 1892 391 1895 395; x_wconf 52' lang='grc'>’</span> 
     </span>
    </p>
   </div>
   <div class='ocr_carea' id='block_1_2' title="bbox 95 562 1806 1146">
    <p class='ocr_par' dir='ltr' id='par_1_2' title="bbox 95 562 1806 1146">
     <span class='ocr_line' id='line_1_2' title="bbox 237 562 1798 686; baseline 0.006 -35"><span class='ocrx_word' id='word_1_4' title='bbox 237 567 283 651; x_wconf 89' lang='lat' dir='ltr'><em>N</em></span> <span class='ocrx_word' id='word_1_5' title='bbox 289 585 377 653; x_wconf 88' lang='lat' dir='ltr'><strong>oto</strong></span> <span class='ocrx_word' id='word_1_6' title='bbox 406 597 444 648; x_wconf 81' lang='lat' dir='ltr'><strong>a.</strong></span> <span class='ocrx_word' id='word_1_7' title='bbox 501 562 754 650; x_wconf 77' lang='lat' dir='ltr'><strong>Varietatem</strong></span> <span class='ocrx_word' id='word_1_8' title='bbox 792 574 837 666; x_wconf 73' lang='grc' dir='ltr'><strong>β.</strong></span> <span class='ocrx_word' id='word_1_9' title='bbox 881 568 1105 675; x_wconf 87' lang='lat' dir='ltr'><strong>majorem,</strong></span> <span class='ocrx_word' id='word_1_10' title='bbox 1143 563 1441 653; x_wconf 79' lang='lat' dir='ltr'><strong>candicantem</strong></span> <span class='ocrx_word' id='word_1_11' title='bbox 1483 565 1709 686; x_wconf 78' lang='lat' dir='ltr'><strong>aliquoties</strong></span> <span class='ocrx_word' id='word_1_12' title='bbox 1750 574 1798 666; x_wconf 91' lang='lat' dir='ltr'><strong>in</strong></span> 
     </span>
     <span class='ocr_line' id='line_1_3' title="bbox 100 711 1806 832; baseline 0.006 -27"><span class='ocrx_word' id='word_1_13' title='bbox 100 715 260 805; x_wconf 87' lang='lat' dir='ltr'><strong>Sibiria</strong></span> <span class='ocrx_word' id='word_1_14' title='bbox 287 716 508 832; x_wconf 82' lang='lat' dir='ltr'><strong>frigidiore</strong></span> <span class='ocrx_word' id='word_1_15' title='bbox 536 713 694 830; x_wconf 82' lang='lat' dir='ltr'>hyeme</span> <span class='ocrx_word' id='word_1_16' title='bbox 721 711 814 798; x_wconf 82' lang='lat' dir='ltr'><strong>vidi</strong></span> <span class='ocrx_word' id='word_1_17' title='bbox 821 773 836 813; x_wconf 88' lang='lat'><em>,</em></span> <span class='ocrx_word' id='word_1_18' title='bbox 864 713 1185 801; x_wconf 78' lang='lat' dir='ltr'><strong>verosimillime</strong></span> <span class='ocrx_word' id='word_1_19' title='bbox 1215 719 1437 819; x_wconf 88' lang='lat' dir='ltr'><strong>arcticam,</strong></span> <span class='ocrx_word' id='word_1_20' title='bbox 1466 723 1599 809; x_wconf 88' lang='lat' dir='ltr'><strong>semel</strong></span> <span class='ocrx_word' id='word_1_21' title='bbox 1628 726 1682 809; x_wconf 89' lang='lat' dir='ltr'><strong>ad</strong></span> <span class='ocrx_word' id='word_1_22' title='bbox 1710 733 1806 816; x_wconf 83' lang='lat' dir='ltr'><strong>laet·</strong></span> 
     </span>
     <span class='ocr_line' id='line_1_4' title="bbox 95 865 1793 991; baseline 0.005 -34"><span class='ocrx_word' id='word_1_23' title='bbox 95 873 195 957; x_wconf 83' lang='lat' dir='ltr'><strong>lluv.</strong></span> <span class='ocrx_word' id='word_1_24' title='bbox 231 870 330 956; x_wconf 89' lang='lat' dir='ltr'><strong>dein</strong></span> <span class='ocrx_word' id='word_1_25' title='bbox 358 865 554 971; x_wconf 84' lang='lat' dir='ltr'><strong>Tobolii‚</strong></span> <span class='ocrx_word' id='word_1_26' title='bbox 586 869 764 952; x_wconf 85' lang='lat' dir='ltr'><strong>tandem</strong></span> <span class='ocrx_word' id='word_1_27' title='bbox 788 889 835 951; x_wconf 87' lang='lat' dir='ltr'><strong>et</strong></span> <span class='ocrx_word' id='word_1_28' title='bbox 857 895 886 950; x_wconf 84' lang='lat' dir='ltr'><strong>e</strong></span> <span class='ocrx_word' id='word_1_29' title='bbox 915 866 1086 981; x_wconf 86' lang='lat' dir='ltr'><strong>regione</strong></span> <span class='ocrx_word' id='word_1_30' title='bbox 1113 869 1251 985; x_wconf 88' lang='lat' dir='ltr'><strong>polari</strong></span> <span class='ocrx_word' id='word_1_31' title='bbox 1280 873 1486 980; x_wconf 84' lang='lat' dir='ltr'>adlatam,</span> <span class='ocrx_word' id='word_1_32' title='bbox 1529 909 1657 991; x_wconf 87' lang='lat' dir='ltr'><strong>quam</strong></span> <span class='ocrx_word' id='word_1_33' title='bbox 1684 884 1793 965; x_wconf 81' lang='lat' dir='ltr'><strong>Liu-</strong></span> 
     </span>
     <span class='ocr_line' id='line_1_5' title="bbox 95 1019 1795 1146; baseline 0.005 -37"><span class='ocrx_word' id='word_1_34' title='bbox 95 1034 218 1110; x_wconf 81' lang='lat' dir='ltr'><strong>noei</strong></span> <span class='ocrx_word' id='word_1_35' title='bbox 244 1026 441 1135; x_wconf 80' lang='lat' dir='ltr'><strong>Strygem</strong></span> <span class='ocrx_word' id='word_1_36' title='bbox 468 1021 735 1105; x_wconf 83' lang='lat' dir='ltr'><strong>scandiocom</strong></span> <span class='ocrx_word' id='word_1_37' title='bbox 762 1049 852 1105; x_wconf 90' lang='lat' dir='ltr'><strong>esse</strong></span> <span class='ocrx_word' id='word_1_38' title='bbox 880 1021 1020 1105; x_wconf 87' lang='lat' dir='ltr'><strong>nullus</strong></span> <span class='ocrx_word' id='word_1_39' title='bbox 1048 1019 1213 1106; x_wconf 87' lang='lat' dir='ltr'><strong>dubito.</strong></span> <span class='ocrx_word' id='word_1_40' title='bbox 1282 1029 1440 1109; x_wconf 88' lang='lat' dir='ltr'><strong>Harum</strong></span> <span class='ocrx_word' id='word_1_41' title='bbox 1482 1031 1588 1114; x_wconf 90' lang='lat' dir='ltr'><strong>duae</strong></span> <span class='ocrx_word' id='word_1_42' title='bbox 1629 1035 1795 1146; x_wconf 86' lang='lat' dir='ltr'><strong>pondus</strong></span> 
     </span>
    </p>
   </div>
   <div class='ocr_carea' id='block_1_3' title="bbox 95 1172 1795 1301">
    <p class='ocr_par' dir='ltr' id='par_1_3' title="bbox 95 1172 1795 1301">
     <span class='ocr_line' id='line_1_6' title="bbox 95 1172 1795 1301; baseline 0.005 -40"><span class='ocrx_word' id='word_1_43' title='bbox 95 1178 248 1262; x_wconf 88' lang='lat' dir='ltr'><strong>decem</strong></span> <span class='ocrx_word' id='word_1_44' title='bbox 275 1175 478 1259; x_wconf 88' lang='lat' dir='ltr'><strong>librarum</strong></span> <span class='ocrx_word' id='word_1_45' title='bbox 506 1195 793 1271; x_wconf 88' lang='lat' dir='ltr'><strong>excesserunt,</strong></span> <span class='ocrx_word' id='word_1_46' title='bbox 830 1203 931 1258; x_wconf 86' lang='lat' dir='ltr'><strong>cum</strong></span> <span class='ocrx_word' id='word_1_47' title='bbox 966 1173 1151 1289; x_wconf 76' lang='lat' dir='ltr'><strong>vulgaris</strong></span> <span class='ocrx_word' id='word_1_48' title='bbox 1178 1172 1334 1261; x_wconf 91' lang='lat' dir='ltr'><strong>iisdem</strong></span> <span class='ocrx_word' id='word_1_49' title='bbox 1360 1175 1408 1262; x_wconf 88' lang='lat' dir='ltr'><strong>in</strong></span> <span class='ocrx_word' id='word_1_50' title='bbox 1436 1178 1678 1295; x_wconf 84' lang='lat' dir='ltr'><strong>regionibus</strong></span> <span class='ocrx_word' id='word_1_51' title='bbox 1706 1185 1795 1301; x_wconf 91' lang='lat' dir='ltr'><strong>ple·</strong></span> 
     </span>
    </p>
   </div>
   <div class='ocr_carea' id='block_1_4' title="bbox 90 1325 1793 1745">
    <p class='ocr_par' dir='ltr' id='par_1_4' title="bbox 90 1325 1793 1745">
     <span class='ocr_line' id='line_1_7' title="bbox 90 1325 1793 1442; baseline 0.006 -30"><span class='ocrx_word' id='word_1_52' title='bbox 90 1357 271 1442; x_wconf 90' lang='lat' dir='ltr'><strong>rumque</strong></span> <span class='ocrx_word' id='word_1_53' title='bbox 298 1358 454 1421; x_wconf 85' lang='lat' dir='ltr'><strong>novem</strong></span> <span class='ocrx_word' id='word_1_54' title='bbox 480 1325 602 1410; x_wconf 87' lang='lat' dir='ltr'><strong>libris</strong></span> <span class='ocrx_word' id='word_1_55' title='bbox 629 1325 684 1410; x_wconf 91' lang='lat' dir='ltr'><strong>sit</strong></span> <span class='ocrx_word' id='word_1_56' title='bbox 711 1325 862 1412; x_wconf 84' lang='lat' dir='ltr'><strong>minor.</strong></span> <span class='ocrx_word' id='word_1_57' title='bbox 932 1330 1058 1414; x_wconf 87' lang='lat' dir='ltr'><strong>Color</strong></span> <span class='ocrx_word' id='word_1_58' title='bbox 1092 1329 1321 1415; x_wconf 87' lang='lat' dir='ltr'><strong>admodum</strong></span> <span class='ocrx_word' id='word_1_59' title='bbox 1366 1329 1552 1431; x_wconf 89' lang='lat' dir='ltr'><strong>albidus,</strong></span> <span class='ocrx_word' id='word_1_60' title='bbox 1592 1333 1639 1419; x_wconf 89' lang='lat' dir='ltr'><strong>in</strong></span> <span class='ocrx_word' id='word_1_61' title='bbox 1668 1339 1793 1422; x_wconf 91' lang='lat' dir='ltr'><strong>dorso</strong></span> 
     </span>
     <span class='ocr_line' id='line_1_8' title="bbox 96 1477 1789 1597; baseline 0.005 -32"><span class='ocrx_word' id='word_1_62' title='bbox 96 1479 173 1565; x_wconf 81' lang='lat' dir='ltr'><strong>rix</strong></span> <span class='ocrx_word' id='word_1_63' title='bbox 199 1482 429 1578; x_wconf 88' lang='lat' dir='ltr'><strong>lutescens,</strong></span> <span class='ocrx_word' id='word_1_64' title='bbox 466 1478 604 1562; x_wconf 81' lang='lat' dir='ltr'><strong>lituris</strong></span> <span class='ocrx_word' id='word_1_65' title='bbox 632 1477 885 1593; x_wconf 88' lang='lat' dir='ltr'><strong>undulisque</strong></span> <span class='ocrx_word' id='word_1_66' title='bbox 912 1503 959 1563; x_wconf 91' lang='lat' dir='ltr'><strong>ut</strong></span> <span class='ocrx_word' id='word_1_67' title='bbox 987 1479 1034 1566; x_wconf 91' lang='lat' dir='ltr'><strong>in</strong></span> <span class='ocrx_word' id='word_1_68' title='bbox 1062 1479 1227 1597; x_wconf 82' lang='lat' dir='ltr'><strong>vulgari</strong></span> <span class='ocrx_word' id='word_1_69' title='bbox 1255 1479 1450 1596; x_wconf 86' lang='lat' dir='ltr'><strong>quidem,</strong></span> <span class='ocrx_word' id='word_1_70' title='bbox 1492 1487 1568 1571; x_wconf 81' lang='lat' dir='ltr'><strong>sed</strong></span> <span class='ocrx_word' id='word_1_71' title='bbox 1596 1487 1789 1574; x_wconf 81' lang='lat' dir='ltr'><strong>subtilio-</strong></span> 
     </span>
     <span class='ocr_line' id='line_1_9' title="bbox 92 1629 975 1745; baseline -0.007 -22"><span class='ocrx_word' id='word_1_72' title='bbox 92 1630 207 1723; x_wconf 79' lang='lat' dir='ltr'><strong>ribus</strong></span> <span class='ocrx_word' id='word_1_73' title='bbox 236 1656 280 1717; x_wconf 89' lang='lat' dir='ltr'><strong>et</strong></span> <span class='ocrx_word' id='word_1_74' title='bbox 308 1630 555 1734; x_wconf 84' lang='lat' dir='ltr'><strong>rarioribus,</strong></span> <span class='ocrx_word' id='word_1_75' title='bbox 586 1629 844 1745; x_wconf 86' lang='lat' dir='ltr'><strong>dilutiorque</strong></span> <span class='ocrx_word' id='word_1_76' title='bbox 872 1653 975 1718; x_wconf 87' lang='lat' dir='ltr'><strong>tota.</strong></span> 
     </span>
    </p>
   </div>
   <div class='ocr_carea' id='block_1_5' title="bbox 230 1785 1936 1907">
    <p class='ocr_par' dir='ltr' id='par_1_5' title="bbox 230 1785 1936 1907">
     <span class='ocr_line' id='line_1_10' title="bbox 230 1785 1936 1907; baseline 0.004 -38"><span class='ocrx_word' id='word_1_77' title='bbox 230 1787 273 1869; x_wconf 92' lang='lat' dir='ltr'><em>N</em></span> <span class='ocrx_word' id='word_1_78' title='bbox 281 1804 368 1870; x_wconf 85' lang='lat' dir='ltr'><strong>ota</strong></span> <span class='ocrx_word' id='word_1_79' title='bbox 397 1799 435 1870; x_wconf 81' lang='lat'><strong>3.</strong></span> <span class='ocrx_word' id='word_1_80' title='bbox 492 1785 704 1869; x_wconf 85' lang='lat' dir='ltr'><strong>Bubonem</strong></span> <span class='ocrx_word' id='word_1_81' title='bbox 731 1791 1006 1895; x_wconf 77' lang='lat' dir='ltr'><strong>virginlonum</strong></span> <span class='ocrx_word' id='word_1_82' title='bbox 1032 1785 1316 1871; x_wconf 78' lang='lat' dir='ltr'><strong>Edwardsi</strong></span> <span class='ocrx_word' id='word_1_83' title='bbox 1344 1793 1429 1898; x_wconf 84' lang='lat' dir='ltr'><strong>(ou.</strong></span> <span class='ocrx_word' id='word_1_84' title='bbox 1452 1791 1509 1874; x_wconf 90' lang='grc' dir='ltr'><strong>Π.</strong></span> <span class='ocrx_word' id='word_1_85' title='bbox 1539 1822 1580 1907; x_wconf 84' lang='grc' dir='ltr'><strong>ρ.</strong></span> <span class='ocrx_word' id='word_1_86' title='bbox 1602 1791 1689 1877; x_wconf 85' lang='lat' dir='ltr'><strong>tab.</strong></span> <span class='ocrx_word' id='word_1_87' title='bbox 1712 1796 1787 1902; x_wconf 90' lang='lat'><strong>60)</strong></span> <span class='ocrx_word' id='word_1_88' title='bbox 1928 1862 1936 1885; x_wconf 68' lang='lat'>„</span> 
     </span>
    </p>
   </div>
   <div class='ocr_carea' id='block_1_6' title="bbox 81 1933 1800 3888">
    <p class='ocr_par' dir='ltr' id='par_1_6' title="bbox 87 1933 1787 2361">
     <span class='ocr_line' id='line_1_11' title="bbox 88 1933 1787 2052; baseline 0.003 -29"><span class='ocrx_word' id='word_1_89' title='bbox 88 1938 254 2024; x_wconf 87' lang='lat' dir='ltr'><strong>nollem</strong></span> <span class='ocrx_word' id='word_1_90' title='bbox 280 1967 357 2052; x_wconf 91' lang='lat' dir='ltr'><strong>pro</strong></span> <span class='ocrx_word' id='word_1_91' title='bbox 386 1936 570 2021; x_wconf 89' lang='lat' dir='ltr'><strong>Bubonis</strong></span> <span class='ocrx_word' id='word_1_92' title='bbox 599 1935 804 2020; x_wconf 85' lang='lat' dir='ltr'><strong>varietate</strong></span> <span class='ocrx_word' id='word_1_93' title='bbox 831 1933 1009 2038; x_wconf 87' lang='lat' dir='ltr'><strong>habere,</strong></span> <span class='ocrx_word' id='word_1_94' title='bbox 1039 1957 1086 2019; x_wconf 83' lang='lat' dir='ltr'><strong>ut</strong></span> <span class='ocrx_word' id='word_1_95' title='bbox 1107 1937 1199 2021; x_wconf 84' lang='lat' dir='ltr'><strong>vult</strong></span> <span class='ocrx_word' id='word_1_96' title='bbox 1220 1940 1366 2023; x_wconf 79' lang='lat' dir='ltr'><strong>Conws</strong></span> <span class='ocrx_word' id='word_1_97' title='bbox 1393 1944 1431 2024; x_wconf 92' lang='grc' dir='ltr'><strong><em>Β</em></strong></span> <span class='ocrx_word' id='word_1_98' title='bbox 1438 1943 1548 2052; x_wconf 80' lang='lat' dir='ltr'><strong>uffo</strong></span> <span class='ocrx_word' id='word_1_99' title='bbox 1557 1975 1584 2026; x_wconf 88' lang='lat' dir='ltr'><strong>n</strong></span> <span class='ocrx_word' id='word_1_100' title='bbox 1589 2002 1605 2042; x_wconf 92' lang='lat'><em>,</em></span> <span class='ocrx_word' id='word_1_101' title='bbox 1632 1941 1678 2028; x_wconf 90' lang='lat' dir='ltr'><strong>in</strong></span> <span class='ocrx_word' id='word_1_102' title='bbox 1705 1945 1787 2032; x_wconf 91' lang='lat' dir='ltr'><strong>Or·</strong></span> 
     </span>
     <span class='ocr_line' id='line_1_12' title="bbox 88 2086 1786 2211; baseline 0.005 -36"><span class='ocrx_word' id='word_1_103' title='bbox 88 2088 332 2206; x_wconf 86' lang='lat' dir='ltr'><strong>nithologia</strong></span> <span class='ocrx_word' id='word_1_104' title='bbox 360 2088 488 2173; x_wconf 87' lang='lat' dir='ltr'><strong>nimis</strong></span> <span class='ocrx_word' id='word_1_105' title='bbox 516 2088 818 2205; x_wconf 89' lang='lat' dir='ltr'><strong>compendium</strong></span> <span class='ocrx_word' id='word_1_106' title='bbox 858 2086 1095 2204; x_wconf 86' lang='lat' dir='ltr'><strong>specierum</strong></span> <span class='ocrx_word' id='word_1_107' title='bbox 1121 2123 1286 2197; x_wconf 85' lang='lat' dir='ltr'><strong>amans,</strong></span> <span class='ocrx_word' id='word_1_108' title='bbox 1327 2092 1497 2178; x_wconf 88' lang='lat' dir='ltr'><strong>illarum</strong></span> <span class='ocrx_word' id='word_1_109' title='bbox 1523 2095 1786 2211; x_wconf 87' lang='lat' dir='ltr'><strong>praesertim,</strong></span> 
     </span>
     <span class='ocr_line' id='line_1_13' title="bbox 87 2239 751 2361; baseline 0 -36"><span class='ocrx_word' id='word_1_110' title='bbox 87 2273 193 2358; x_wconf 89' lang='lat' dir='ltr'><strong>quas</strong></span> <span class='ocrx_word' id='word_1_111' title='bbox 222 2243 312 2361; x_wconf 84' lang='lat' dir='ltr'><strong>ipae</strong></span> <span class='ocrx_word' id='word_1_112' title='bbox 342 2271 484 2328; x_wconf 92' lang='lat' dir='ltr'><strong>coram</strong></span> <span class='ocrx_word' id='word_1_113' title='bbox 510 2272 598 2327; x_wconf 91' lang='lat' dir='ltr'><strong>non</strong></span> <span class='ocrx_word' id='word_1_114' title='bbox 626 2239 751 2326; x_wconf 85' lang='lat' dir='ltr'><strong>vidit.</strong></span> 
     </span>
    </p>

    <p class='ocr_par' dir='ltr' id='par_1_7' title="bbox 81 2395 1800 3888">
     <span class='ocr_line' id='line_1_14' title="bbox 108 2395 1787 2516; baseline 0.003 -35"><span class='ocrx_word' id='word_1_115' title='bbox 108 2444 114 2453; x_wconf 92' lang='lat'><em>·</em></span> <span class='ocrx_word' id='word_1_116' title='bbox 228 2397 365 2482; x_wconf 83' lang='lat' dir='ltr'><strong>Noto</strong></span> <span class='ocrx_word' id='word_1_117' title='bbox 392 2414 433 2502; x_wconf 73' lang='grc'><strong>4.</strong></span> <span class='ocrx_word' id='word_1_118' title='bbox 503 2395 620 2479; x_wconf 88' lang='lat' dir='ltr'><strong>Bubo</strong></span> <span class='ocrx_word' id='word_1_119' title='bbox 647 2396 977 2480; x_wconf 79' lang='lat' dir='ltr'><strong>Aldrooondi</strong></span> <span class='ocrx_word' id='word_1_120' title='bbox 1016 2396 1188 2504; x_wconf 82' lang='lat' dir='ltr'><strong>pedibus</strong></span> <span class='ocrx_word' id='word_1_121' title='bbox 1215 2398 1355 2502; x_wconf 79' lang='lat' dir='ltr'><strong>nucls&#39;r,</strong></span> <span class='ocrx_word' id='word_1_122' title='bbox 1397 2396 1598 2485; x_wconf 88' lang='lat' dir='ltr'><strong>distincta</strong></span> <span class='ocrx_word' id='word_1_123' title='bbox 1624 2399 1787 2516; x_wconf 76' lang='lat' dir='ltr'><strong>pariter</strong></span> 
     </span>
     <span class='ocr_line' id='line_1_15' title="bbox 87 2546 1786 2666; baseline 0.001 -29"><span class='ocrx_word' id='word_1_124' title='bbox 87 2547 202 2637; x_wconf 87' lang='lat' dir='ltr'><strong>mihi</strong></span> <span class='ocrx_word' id='word_1_125' title='bbox 228 2548 390 2666; x_wconf 87' lang='lat' dir='ltr'><strong>species</strong></span> <span class='ocrx_word' id='word_1_126' title='bbox 415 2546 605 2653; x_wconf 79' lang='lat' dir='ltr'><strong>videtur,</strong></span> <span class='ocrx_word' id='word_1_127' title='bbox 641 2556 758 2660; x_wconf 88' lang='lat' dir='ltr'><strong>cujus</strong></span> <span class='ocrx_word' id='word_1_128' title='bbox 784 2546 831 2632; x_wconf 90' lang='lat' dir='ltr'><strong>in</strong></span> <span class='ocrx_word' id='word_1_129' title='bbox 860 2546 1073 2661; x_wconf 90' lang='lat' dir='ltr'><strong>Hercynia</strong></span> <span class='ocrx_word' id='word_1_130' title='bbox 1101 2571 1248 2665; x_wconf 90' lang='lat' dir='ltr'><strong>captae</strong></span> <span class='ocrx_word' id='word_1_131' title='bbox 1277 2549 1382 2635; x_wconf 92' lang='lat' dir='ltr'><strong>olim</strong></span> <span class='ocrx_word' id='word_1_132' title='bbox 1411 2549 1664 2666; x_wconf 86' lang='lat' dir='ltr'><strong>Goettingae</strong></span> <span class='ocrx_word' id='word_1_133' title='bbox 1691 2548 1786 2638; x_wconf 83' lang='lat' dir='ltr'><strong>vidi</strong></span> 
     </span>
     <span class='ocr_line' id='line_1_16' title="bbox 84 2698 1795 2821; baseline 0.002 -32"><span class='ocrx_word' id='word_1_134' title='bbox 84 2725 218 2821; x_wconf 90' lang='lat' dir='ltr'><strong>caput</strong></span> <span class='ocrx_word' id='word_1_135' title='bbox 245 2733 342 2787; x_wconf 88' lang='lat' dir='ltr'><strong>cum</strong></span> <span class='ocrx_word' id='word_1_136' title='bbox 370 2701 564 2817; x_wconf 88' lang='lat' dir='ltr'><strong>pedibus.</strong></span> <span class='ocrx_word' id='word_1_137' title='bbox 633 2703 746 2786; x_wconf 83' lang='lat' dir='ltr'><strong>Mola</strong></span> <span class='ocrx_word' id='word_1_138' title='bbox 773 2698 847 2785; x_wconf 91' lang='lat' dir='ltr'><strong>hic</strong></span> <span class='ocrx_word' id='word_1_139' title='bbox 876 2729 973 2784; x_wconf 91' lang='lat' dir='ltr'><strong>cum</strong></span> <span class='ocrx_word' id='word_1_140' title='bbox 1001 2703 1174 2786; x_wconf 90' lang='lat' dir='ltr'><strong>Bubone</strong></span> <span class='ocrx_word' id='word_1_141' title='bbox 1203 2724 1357 2804; x_wconf 87' lang='lat' dir='ltr'><strong>certat;</strong></span> <span class='ocrx_word' id='word_1_142' title='bbox 1402 2702 1626 2819; x_wconf 85' lang='lat' dir='ltr'><strong>longitudo</strong></span> <span class='ocrx_word' id='word_1_143' title='bbox 1653 2710 1795 2792; x_wconf 63' lang='lat' dir='ltr'><strong>manib</strong></span> 
     </span>
     <span class='ocr_line' id='line_1_17' title="bbox 87 2851 1787 2974; baseline 0.002 -33"><span class='ocrx_word' id='word_1_144' title='bbox 87 2887 113 2941; x_wconf 90' lang='lat' dir='ltr'><strong>a</strong></span> <span class='ocrx_word' id='word_1_145' title='bbox 141 2884 305 2940; x_wconf 90' lang='lat' dir='ltr'><strong>summo</strong></span> <span class='ocrx_word' id='word_1_146' title='bbox 333 2883 444 2941; x_wconf 93' lang='lat' dir='ltr'><strong>unco</strong></span> <span class='ocrx_word' id='word_1_147' title='bbox 474 2856 527 2939; x_wconf 96' lang='lat' dir='ltr'><strong>ad</strong></span> <span class='ocrx_word' id='word_1_148' title='bbox 555 2851 727 2970; x_wconf 84' lang='lat' dir='ltr'><strong>occiput</strong></span> <span class='ocrx_word' id='word_1_149' title='bbox 755 2857 815 2942; x_wconf 73' lang='grc' dir='ltr'><strong>δ”.</strong></span> <span class='ocrx_word' id='word_1_150' title='bbox 845 2853 916 2960; x_wconf 77' lang='grc'><strong>9”’.</strong></span> <span class='ocrx_word' id='word_1_151' title='bbox 945 2851 1127 2938; x_wconf 88' lang='lat' dir='ltr'><strong>latitudo</strong></span> <span class='ocrx_word' id='word_1_152' title='bbox 1156 2854 1343 2940; x_wconf 85' lang='lat' dir='ltr'><strong>maxima</strong></span> <span class='ocrx_word' id='word_1_153' title='bbox 1373 2858 1426 2942; x_wconf 90' lang='lat' dir='ltr'><strong>ad</strong></span> <span class='ocrx_word' id='word_1_154' title='bbox 1450 2856 1684 2973; x_wconf 83' lang='lat' dir='ltr'><strong>marginem</strong></span> <span class='ocrx_word' id='word_1_155' title='bbox 1709 2886 1787 2974; x_wconf 83' lang='lat' dir='ltr'><strong>po-</strong></span> 
     </span>
     <span class='ocr_line' id='line_1_18' title="bbox 86 3003 1786 3121; baseline 0.001 -28"><span class='ocrx_word' id='word_1_156' title='bbox 86 3009 242 3093; x_wconf 82' lang='lat' dir='ltr'><strong>sticum</strong></span> <span class='ocrx_word' id='word_1_157' title='bbox 268 3006 502 3093; x_wconf 87' lang='lat' dir='ltr'><strong>orbitarum</strong></span> <span class='ocrx_word' id='word_1_158' title='bbox 531 3007 590 3090; x_wconf 81' lang='lat'><strong>2‘&#39;.</strong></span> <span class='ocrx_word' id='word_1_159' title='bbox 626 3017 720 3091; x_wconf 67' lang='lat' dir='ltr'><strong>rom.</strong></span> <span class='ocrx_word' id='word_1_160' title='bbox 776 3008 969 3091; x_wconf 82' lang='lat' dir='ltr'><strong>Rostrum</strong></span> <span class='ocrx_word' id='word_1_161' title='bbox 995 3003 1182 3116; x_wconf 79' lang='lat' dir='ltr'><strong>nigrum,</strong></span> <span class='ocrx_word' id='word_1_162' title='bbox 1228 3006 1405 3090; x_wconf 83' lang='lat' dir='ltr'><strong>maxilla</strong></span> <span class='ocrx_word' id='word_1_163' title='bbox 1432 3007 1632 3093; x_wconf 85' lang='lat' dir='ltr'><strong>inferiore</strong></span> <span class='ocrx_word' id='word_1_164' title='bbox 1661 3008 1786 3121; x_wconf 84' lang='lat' dir='ltr'><strong>apice</strong></span> 
     </span>
     <span class='ocr_line' id='line_1_19' title="bbox 87 3151 1783 3274; baseline -0.001 -30"><span class='ocrx_word' id='word_1_165' title='bbox 87 3162 357 3245; x_wconf 83' lang='lat' dir='ltr'><strong>subtruncata</strong></span> <span class='ocrx_word' id='word_1_166' title='bbox 383 3182 429 3245; x_wconf 89' lang='lat' dir='ltr'><strong>et</strong></span> <span class='ocrx_word' id='word_1_167' title='bbox 455 3157 652 3274; x_wconf 89' lang='lat' dir='ltr'><strong>utrinque</strong></span> <span class='ocrx_word' id='word_1_168' title='bbox 679 3159 889 3274; x_wconf 85' lang='lat' dir='ltr'><strong>profundo</strong></span> <span class='ocrx_word' id='word_1_169' title='bbox 917 3154 1011 3240; x_wconf 89' lang='lat' dir='ltr'><strong>sinu</strong></span> <span class='ocrx_word' id='word_1_170' title='bbox 1038 3151 1195 3241; x_wconf 88' lang='lat' dir='ltr'><strong>excisa.</strong></span> <span class='ocrx_word' id='word_1_171' title='bbox 1264 3159 1427 3269; x_wconf 79' lang='lat' dir='ltr'><strong>Lingua</strong></span> <span class='ocrx_word' id='word_1_172' title='bbox 1461 3187 1618 3255; x_wconf 88' lang='lat' dir='ltr'><strong>crassa,</strong></span> <span class='ocrx_word' id='word_1_173' title='bbox 1660 3155 1783 3273; x_wconf 78' lang='lat' dir='ltr'><strong>apice</strong></span> 
     </span>
     <span class='ocr_line' id='line_1_20' title="bbox 84 3303 1798 3426; baseline -0.003 -26"><span class='ocrx_word' id='word_1_174' title='bbox 84 3313 247 3400; x_wconf 86' lang='lat' dir='ltr'><strong>biloba.</strong></span> <span class='ocrx_word' id='word_1_175' title='bbox 302 3313 432 3399; x_wconf 82' lang='lat' dir='ltr'><strong>Pedes</strong></span> <span class='ocrx_word' id='word_1_176' title='bbox 458 3314 547 3395; x_wconf 85' lang='lat' dir='ltr'><strong>fere</strong></span> <span class='ocrx_word' id='word_1_177' title='bbox 575 3341 705 3426; x_wconf 88' lang='lat' dir='ltr'><strong>usque</strong></span> <span class='ocrx_word' id='word_1_178' title='bbox 734 3310 788 3394; x_wconf 94' lang='lat' dir='ltr'><strong>ad</strong></span> <span class='ocrx_word' id='word_1_179' title='bbox 816 3336 952 3421; x_wconf 90' lang='lat' dir='ltr'><strong>genua</strong></span> <span class='ocrx_word' id='word_1_180' title='bbox 992 3303 1118 3406; x_wconf 66' lang='lat' dir='ltr'><strong>nudis</strong></span> <span class='ocrx_word' id='word_1_181' title='bbox 1164 3304 1291 3390; x_wconf 82' lang='lat' dir='ltr'><strong>tibiae</strong></span> <span class='ocrx_word' id='word_1_182' title='bbox 1319 3307 1467 3394; x_wconf 82' lang='lat' dir='ltr'><strong>breves</strong></span> <span class='ocrx_word' id='word_1_183' title='bbox 1496 3315 1598 3420; x_wconf 83' lang='lat' dir='ltr'><strong>(a‘&#39;.)</strong></span> <span class='ocrx_word' id='word_1_184' title='bbox 1608 3369 1623 3409; x_wconf 88' lang='lat'><em>,</em></span> <span class='ocrx_word' id='word_1_185' title='bbox 1663 3339 1798 3425; x_wconf 65' lang='lat' dir='ltr'><strong>equa-¹</strong></span> 
     </span>
     <span class='ocr_line' id='line_1_21' title="bbox 85 3458 1800 3579; baseline -0.003 -29"><span class='ocrx_word' id='word_1_186' title='bbox 85 3490 252 3569; x_wconf 82' lang='lat' dir='ltr'><strong>mosae,</strong></span> <span class='ocrx_word' id='word_1_187' title='bbox 282 3465 464 3579; x_wconf 87' lang='lat' dir='ltr'><strong>squamis</strong></span> <span class='ocrx_word' id='word_1_188' title='bbox 494 3461 723 3578; x_wconf 88' lang='lat' dir='ltr'><strong>angulatis,</strong></span> <span class='ocrx_word' id='word_1_189' title='bbox 768 3460 968 3575; x_wconf 89' lang='lat' dir='ltr'><strong>lanugine</strong></span> <span class='ocrx_word' id='word_1_190' title='bbox 997 3488 1162 3575; x_wconf 88' lang='lat' dir='ltr'><strong>prorsus</strong></span> <span class='ocrx_word' id='word_1_191' title='bbox 1189 3458 1318 3544; x_wconf 89' lang='lat' dir='ltr'><strong>nulla.</strong></span> <span class='ocrx_word' id='word_1_192' title='bbox 1391 3462 1530 3574; x_wconf 76' lang='lat' dir='ltr'><strong>Digiti</strong></span> <span class='ocrx_word' id='word_1_193' title='bbox 1556 3459 1800 3576; x_wconf 82' lang='lat' dir='ltr'><strong>squamosi,-</strong></span> 
     </span>
     <span class='ocr_line' id='line_1_22' title="bbox 85 3612 1786 3731; baseline -0.002 -29"><span class='ocrx_word' id='word_1_194' title='bbox 85 3646 224 3731; x_wconf 89' lang='lat' dir='ltr'><strong>aeque</strong></span> <span class='ocrx_word' id='word_1_195' title='bbox 252 3617 376 3722; x_wconf 90' lang='lat' dir='ltr'><strong>nudi,</strong></span> <span class='ocrx_word' id='word_1_196' title='bbox 406 3617 551 3703; x_wconf 92' lang='lat' dir='ltr'><strong>loricis</strong></span> <span class='ocrx_word' id='word_1_197' title='bbox 582 3615 745 3731; x_wconf 89' lang='lat' dir='ltr'><strong>aliquot</strong></span> <span class='ocrx_word' id='word_1_198' title='bbox 772 3612 992 3698; x_wconf 87' lang='lat' dir='ltr'><strong>latioribus</strong></span> <span class='ocrx_word' id='word_1_199' title='bbox 1016 3638 1158 3695; x_wconf 79' lang='lat' dir='ltr'><strong>versus</strong></span> <span class='ocrx_word' id='word_1_200' title='bbox 1178 3639 1351 3725; x_wconf 87' lang='lat' dir='ltr'><strong>ungues.</strong></span> <span class='ocrx_word' id='word_1_201' title='bbox 1365 3665 1422 3682; x_wconf 93' lang='lat'><em>-</em></span> <span class='ocrx_word' id='word_1_202' title='bbox 1450 3620 1556 3727; x_wconf 86' lang='lat' dir='ltr'><strong>Eam</strong></span> <span class='ocrx_word' id='word_1_203' title='bbox 1581 3642 1683 3699; x_wconf 82' lang='lat' dir='ltr'><strong>vero</strong></span> <span class='ocrx_word' id='word_1_204' title='bbox 1710 3640 1786 3728; x_wconf 86' lang='lat' dir='ltr'><strong>po-</strong></span> 
     </span>
     <span class='ocr_line' id='line_1_23' title="bbox 81 3763 1786 3888; baseline -0.002 -34"><span class='ocrx_word' id='word_1_205' title='bbox 81 3792 179 3854; x_wconf 88' lang='lat' dir='ltr'><strong>stea</strong></span> <span class='ocrx_word' id='word_1_206' title='bbox 206 3801 442 3888; x_wconf 88' lang='lat' dir='ltr'><strong>nunquam,</strong></span> <span class='ocrx_word' id='word_1_207' title='bbox 466 3792 513 3857; x_wconf 93' lang='lat' dir='ltr'><strong>et</strong></span> <span class='ocrx_word' id='word_1_208' title='bbox 533 3768 581 3855; x_wconf 91' lang='lat' dir='ltr'><strong>in</strong></span> <span class='ocrx_word' id='word_1_209' title='bbox 596 3767 771 3856; x_wconf 86' lang='lat' dir='ltr'><strong>Rossico</strong></span> <span class='ocrx_word' id='word_1_210' title='bbox 785 3764 970 3884; x_wconf 87' lang='lat' dir='ltr'><strong>Imperio</strong></span> <span class='ocrx_word' id='word_1_211' title='bbox 984 3765 1256 3880; x_wconf 87' lang='lat' dir='ltr'><strong>Collegarum</strong></span> <span class='ocrx_word' id='word_1_212' title='bbox 1277 3796 1427 3870; x_wconf 87' lang='lat' dir='ltr'><strong>nemo,</strong></span> <span class='ocrx_word' id='word_1_213' title='bbox 1456 3763 1786 3854; x_wconf 77' lang='lat' dir='ltr'><strong>observavimus.</strong></span> 
     </span>
    </p>
   </div>
   <div class='ocr_carea' id='block_1_7' title="bbox 575 4001 1310 4102">
    <p class='ocr_par' dir='ltr' id='par_1_8' title="bbox 575 4001 1310 4102">
     <span class='ocr_line' id='line_1_24' title="bbox 575 4001 1310 4102; baseline -0.005 0"><span class='ocrx_word' id='word_1_214' title='bbox 575 4036 621 4102; x_wconf 83' lang='lat'><strong>2.</strong></span> <span class='ocrx_word' id='word_1_215' title='bbox 711 4006 1020 4099; x_wconf 87' lang='lat' dir='ltr'>STRYX</span> <span class='ocrx_word' id='word_1_216' title='bbox 1107 4001 1310 4098; x_wconf 81' lang='lat' dir='ltr'><strong>Otus?</strong></span> 
     </span>
    </p>
   </div>
   <div class='ocr_carea' id='block_1_8' title="bbox 224 4203 1781 4322">
    <p class='ocr_par' dir='ltr' id='par_1_9' title="bbox 224 4203 1781 4322">
     <span class='ocr_line' id='line_1_25' title="bbox 224 4203 1781 4322; baseline -0.002 -30"><span class='ocrx_word' id='word_1_217' title='bbox 224 4210 266 4293; x_wconf 88' lang='lat' dir='ltr'><strong>S.</strong></span> <span class='ocrx_word' id='word_1_218' title='bbox 296 4207 430 4294; x_wconf 80' lang='lat' dir='ltr'><strong>aurita</strong></span> <span class='ocrx_word' id='word_1_219' title='bbox 457 4210 574 4293; x_wconf 82' lang='lat' dir='ltr'><strong>fulvo</strong></span> <span class='ocrx_word' id='word_1_220' title='bbox 603 4205 837 4322; x_wconf 88' lang='lat' dir='ltr'><strong>variegata,</strong></span> <span class='ocrx_word' id='word_1_221' title='bbox 864 4206 1025 4322; x_wconf 88' lang='lat' dir='ltr'><strong>remige</strong></span> <span class='ocrx_word' id='word_1_222' title='bbox 1053 4203 1325 4322; x_wconf 86' lang='lat' dir='ltr'><strong>sesquialtera</strong></span> <span class='ocrx_word' id='word_1_223' title='bbox 1353 4224 1508 4290; x_wconf 86' lang='lat' dir='ltr'><strong>serrata</strong></span> <span class='ocrx_word' id='word_1_224' title='bbox 1514 4265 1529 4306; x_wconf 86' lang='lat'><em>,</em></span> <span class='ocrx_word' id='word_1_225' title='bbox 1555 4203 1686 4291; x_wconf 87' lang='lat' dir='ltr'><strong>litura</strong></span> <span class='ocrx_word' id='word_1_226' title='bbox 1708 4231 1781 4289; x_wconf 88' lang='lat' dir='ltr'><strong>an·</strong></span> 
     </span>
    </p>
   </div>
   <div class='ocr_carea' id='block_1_9' title="bbox 83 4357 1751 4783">
    <p class='ocr_par' dir='ltr' id='par_1_10' title="bbox 83 4357 1751 4783">
     <span class='ocr_line' id='line_1_26' title="bbox 83 4357 1217 4477; baseline -0.004 -30"><span class='ocrx_word' id='word_1_227' title='bbox 83 4386 133 4447; x_wconf 83' lang='lat' dir='ltr'><strong>te</strong></span> <span class='ocrx_word' id='word_1_228' title='bbox 159 4362 328 4460; x_wconf 85' lang='lat' dir='ltr'><strong>oculos,</strong></span> <span class='ocrx_word' id='word_1_229' title='bbox 356 4362 601 4477; x_wconf 89' lang='lat' dir='ltr'><strong>circuloque</strong></span> <span class='ocrx_word' id='word_1_230' title='bbox 629 4361 804 4477; x_wconf 89' lang='lat' dir='ltr'><strong>peplum</strong></span> <span class='ocrx_word' id='word_1_231' title='bbox 831 4359 1043 4444; x_wconf 90' lang='lat' dir='ltr'><strong>ambiente</strong></span> <span class='ocrx_word' id='word_1_232' title='bbox 1071 4357 1217 4475; x_wconf 84' lang='lat' dir='ltr'><strong>nigris.</strong></span> 
     </span>
     <span class='ocr_line' id='line_1_27' title="bbox 308 4510 1474 4617; baseline -0.004 -15"><span class='ocrx_word' id='word_1_233' title='bbox 308 4517 417 4602; x_wconf 86' lang='lat' dir='ltr'><strong>Otus</strong></span> <span class='ocrx_word' id='word_1_234' title='bbox 443 4513 728 4617; x_wconf 85' lang='lat' dir='ltr'><strong>bubonoides,</strong></span> <span class='ocrx_word' id='word_1_235' title='bbox 753 4513 1083 4609; x_wconf 72' lang='lat' dir='ltr'><strong>,Messersclrmid</strong></span> <span class='ocrx_word' id='word_1_236' title='bbox 1112 4542 1206 4599; x_wconf 73' lang='lat' dir='ltr'><strong>orsu</strong></span> <span class='ocrx_word' id='word_1_237' title='bbox 1234 4512 1358 4595; x_wconf 77' lang='lat' dir='ltr'><strong>Isidis</strong></span> <span class='ocrx_word' id='word_1_238' title='bbox 1384 4510 1474 4597; x_wconf 73' lang='lat' dir='ltr'><strong>Mo.</strong></span> 
     </span>
     <span class='ocr_line' id='line_1_28' title="bbox 309 4663 1751 4783; baseline -0.002 -31"><span class='ocrx_word' id='word_1_239' title='bbox 309 4675 478 4755; x_wconf 92' lang='lat' dir='ltr'><strong>Noctua</strong></span> <span class='ocrx_word' id='word_1_240' title='bbox 507 4667 645 4753; x_wconf 88' lang='lat' dir='ltr'><strong>minor</strong></span> <span class='ocrx_word' id='word_1_241' title='bbox 672 4663 805 4752; x_wconf 90' lang='lat' dir='ltr'><strong>aurita</strong></span> <span class='ocrx_word' id='word_1_242' title='bbox 832 4666 903 4752; x_wconf 87' lang='lat' dir='ltr'><strong>vel</strong></span> <span class='ocrx_word' id='word_1_243' title='bbox 931 4669 1087 4783; x_wconf 78' lang='lat' dir='ltr'><strong>Scopa,</strong></span> <span class='ocrx_word' id='word_1_244' title='bbox 1111 4667 1267 4750; x_wconf 68' lang='lat' dir='ltr'><strong>fruct,</strong></span> <span class='ocrx_word' id='word_1_245' title='bbox 1296 4694 1366 4750; x_wconf 78' lang='lat' dir='ltr'><strong>oo.</strong></span> <span class='ocrx_word' id='word_1_246' title='bbox 1393 4663 1482 4751; x_wconf 79' lang='lat' dir='ltr'><strong>tab.</strong></span> <span class='ocrx_word' id='word_1_247' title='bbox 1511 4695 1566 4772; x_wconf 80' lang='lat'><strong>99</strong></span> <span class='ocrx_word' id='word_1_248' title='bbox 1574 4672 1590 4749; x_wconf 86' lang='lat' dir='ltr'><strong>l·</strong></span> <span class='ocrx_word' id='word_1_249' title='bbox 1747 4726 1751 4733; x_wconf 87' lang='lat'><em>-</em></span> 
     </span>
    </p>
   </div>
   <div class='ocr_carea' id='block_1_10' title="bbox 235 4821 1220 4936">
    <p class='ocr_par' dir='ltr' id='par_1_11' title="bbox 235 4821 1220 4936">
     <span class='ocr_line' id='line_1_29' title="bbox 235 4821 1220 4936; baseline -0.005 -28"><span class='ocrx_word' id='word_1_250' title='bbox 235 4821 244 4842; x_wconf 90' lang='lat'>’</span> <span class='ocrx_word' id='word_1_251' title='bbox 307 4822 413 4909; x_wconf 80' lang='lat' dir='ltr'><strong>Asio</strong></span> <span class='ocrx_word' id='word_1_252' title='bbox 439 4826 620 4909; x_wconf 77' lang='lat' dir='ltr'><strong>Brittan.</strong></span> <span class='ocrx_word' id='word_1_253' title='bbox 649 4825 796 4909; x_wconf 73' lang='lat' dir='ltr'><strong>onaitls.</strong></span> <span class='ocrx_word' id='word_1_254' title='bbox 823 4824 859 4904; x_wconf 85' lang='lat' dir='ltr'><strong>l.</strong></span> <span class='ocrx_word' id='word_1_255' title='bbox 887 4852 930 4935; x_wconf 69' lang='lat' dir='ltr'><strong>p·</strong></span> <span class='ocrx_word' id='word_1_256' title='bbox 956 4832 1052 4926; x_wconf 74' lang='lat'><strong>486.</strong></span> <span class='ocrx_word' id='word_1_257' title='bbox 1085 4848 1149 4936; x_wconf 82' lang='lat' dir='ltr'><strong>sp.</strong></span> <span class='ocrx_word' id='word_1_258' title='bbox 1176 4833 1220 4925; x_wconf 73' lang='lat'><strong>4.</strong></span> 
     </span>
    </p>
   </div>
   <div class='ocr_carea' id='block_1_11' title="bbox 0 0 2210 5910">
    <p class='ocr_par' dir='ltr' id='par_1_12' title="bbox 0 0 2210 5910">
     <span class='ocr_line' id='line_1_30' title="bbox 0 0 2210 5910; baseline 0 2"><span class='ocrx_word' id='word_1_259' title='bbox 0 0 2210 5910; x_wconf 95' lang='lat' dir='ltr'><strong> </strong></span> 
     </span>
    </p>
   </div>
  </div>
 </body>
</html>
