4410 5910
1036 302 1185 369 ==
1865 306 1953 394 305

263 504 409 613 rendi,
433 498 586 595 'eorum
611 503 686 591 vix
715 500 891 592 dubium
917 505 1049 592 ullum
1080 502 1190 589 mibi
1217 490 1469 623 superfuisse
1497 525 1634 590 certus
1661 534 1776 607 aum,
1804 510 1957 601 multo·

261 663 344 748 ties
372 660 540 747 collatis
570 680 786 744 auctorum
814 656 1184 774 descriptionibus.

383 808 559 897 'Mirum
585 808 723 895 videri
759 813 908 912 debet,
944 814 1061 928 quod
1099 809 1144 894 in
1186 777 1353 928 Europa
1393 807 1707 924 vulgatissimae
1747 817 1954 928 quaedam

260 968 290 1052 S
297 988 343 1052 tr
349 998 509 1080 ygum
534 968 709 1079 species,
750 962 799 1047 in'
823 963 926 1048 Asia
954 962 1116 1049 boreali
1143 993 1278 1078 paene
1307 961 1527 1062 deficiant,
1564 961 1668 1047 licet
1705 962 1953 1058 alimentum

259 1139 473 1232 suppetam
518 1139 566 1200 et
607 1115 715 1199 aliae
741 1139 888 1201 contra
915 1118 1141 1202 succedant
1167 1144 1302 1200 novae
1329 1115 1376 1199 in
1405 1121 1571 1231 Europa
1598 1115 1783 1229 ignotae.
1854 1124 1953 1238 Spe-

254 1269 344 1355 ·cies
372 1299 580 1384 europeae
609 1291 774 1355 nostrae
803 1272 968 1355 Faunae
996 1267 1242 1384 praesentim
1270 1269 1523 1381 denegatae,
1560 1265 1671 1351 mihi
1697 1273 1847 1356 saltem
1875 1303 1953 1390 per

257 1422 526 1537 septennium
556 1419 780 1506 continuae
808 1421 1045 1509 venationis
1073 1451 1158 1504 non
1194 1421 1382 1521 oblatae,
1425 1441 1539 1503 sunt:
1578 1423 1709 1534 Stryx
1742 1428 1952 1533 flammea

258 1595 302 1656 et
329 1575 518 1661 stridula.
576 1571 775 1688 Propriae
803 1572 985 1659 borealis
1011 1596 1176 1659 nostrae
1205 1570 1333 1656 Asiae
1362 1594 1477 1654 sunt:
1513 1574 1555 1657 S.
1588 1575 1801 1663 Uralensis
1827 1602 1871 1662 et
1896 1587 1953 1664 si·

255 1725 400 1845 birico.
459 1727 716 1812 Communes
752 1755 847 1810 cum
887 1725 1074 1811 maxime
1114 1723 1355 1811 borealibus
1396 1730 1588 1841 Europae
1629 1751 1674 1813 et
1709 1728 1950 1837 Americae,

253 1876 370 1962 licet'
386 1876 542 1964 nullibi
571 1906 704 1992 aeque
733 1878 949 1992 copiosae,
987 1908 1035 1961 ac
1063 1877 1110 1962 in
1137 1875 1278 1962 media
1306 1875 1483 1976 Sibiria,
1523 1880 1565 1962 S.
1596 1900 1747 1991 nyctea
1772 1903 1819 1965 et
1849 1884 1951 1969 Uza-

248 2035 310 2117 la.
334 2083 381 2095 -
416 2032 573 2115 Omnes
602 2052 816 2114 caeterum
843 2033 1015 2146 Stryges
1042 2029 1089 2116 id
1106 2058 1329 2117 commune
1358 2025 1541 2130 habent,
1570 2034 1684 2146 quod
1704 2031 1836 2121 iratae
1863 2063 1949 2120 ma·

255 2179 379 2270 xillis
405 2180 570 2271 collisis
595 2181 809 2302 crepitent
835 2212 932 2269 cum
956 2181 1101 2278 sibilo.

759 2480 803 2546 L
894 2450 1204 2544 STRYX
1290 2454 1451 2546 Bwa

256 2712 265 2731 .
370 2643 415 2727 S.
447 2641 600 2745 aurita,
630 2639 748 2726 fulvo
762 2692 776 2705 -
790 2639 928 2742 varia,
956 2639 1115 2755 remige
1138 2639 1409 2757 sesquialtera
1432 2660 1616 2740 servata,
1644 2639 1775 2750 abila,
1802 2647 1947 2735 taetri.

247 2791 458 2910 cibusque
482 2794 744 2880 subalaribus
773 2792 895 2909 apice
924 2791 1069 2906 nigris.
1485 2900 1488 2905 Ι

472 2940 592 3033 Bubo
621 2950 856 3031 Auctorum
884 2944 1095 3048 omnium,
1125 2948 1307 3032 Brr'ssom
1331 2950 1482 3031 anath.
1511 2949 1546 3031 l.
1588 2979 1687 3061 pag.
1716 2966 1811 3061 477.
1852 2956 1948 3042 Lim

527 3118 635 3212 Syst.
665 3103 700 3181 l.
729 3078 770 3212 p.
807 3113 895 3184 131.
924 3130 985 3212 sp.
1024 3133 1056 3182 1.
1085 3099 1240 3181 Frtsch.
1270 3129 1337 3183 av.
1366 3097 1451 3179 tab.
1480 3107 1556 3201 93!
1878 3204 1882 3211 ‚

469 3252 590 3335 Bubo
618 3247 899 3347 atheniensis,
926 3249 1130 3334 Edwards
1152 3255 1292 3361 glean.
1321 3251 1356 3330 l.
1384 3280 1427 3365 p.
1458 3262 1526 3355 37.
1554 3247 1640 3332 aab.
1672 3281 1765 3357 227.

469 3407 530 3486 Le
557 3406 653 3488 Duc
681 3431 737 3487 ou
764 3401 896 3515 grand
923 3398 1085 3504 Hibou,
1114 3405 1279 3512 Buffon.
1310 3405 1456 3486 ornitb.
1485 3403 1521 3482 Ι.
1551 3431 1593 3514 p.
1624 3413 1718 3488 332.
1760 3401 1847 3489 tab.
1876 3436 1943 3495 sa.

526 3553 760 3669 (pessima.)
801 3555 1022 3639 D’aubent.
1052 3562 1156 3638 icon.
1191 3560 1317 3639 calor.
1346 3552 1431 3636 tab·
1461 3565 1557 3655 435.

472 3707 729 3791 Greateared
759 3708 877 3808 Owl,
907 3710 1096 3790 batham.
1125 3737 1219 3818 syn.
1248 3738 1314 3791 av.
1343 3708 1378 3789 l.
1407 3738 1449 3820 p.
1485 3716 1573 3790 116.
1600 3737 1665 3822 sp.
1700 3741 1734 3791 r.

411 3866 457 3958 β.
488 3861 615 3972 Stryx
645 3861 866 3944 scandiaca
894 3862 983 3942 Lin.
1012 3880 1117 3972 syst.
1146 3863 1181 3943 l.
1210 3892 1310 3974 pag.
1346 3872 1435 3944 132.
1471 3888 1535 3971 sp.
1567 3891 1605 3941 n.
1634 3859 1763 3944 Paua.
1798 3889 1861 3948 su.
1887 3863 1945 3948 Π.

467 4043 507 4096 n.
538 4047 606 4122 7⁰·
649 4017 841 4098 Latbam.
869 4043 963 4124 syn.
993 4042 1059 4095 av.
1088 4014 1123 4093 l.
1153 4044 1195 4128 p.
1231 4044 1318 4094 rao.
1355 4040 1418 4123 sp.
1448 4023 1487 4096 3.

360 4162 506 4247 Russis
543 4166 670 4280 vulgo
699 4169 809 4250 Filia
838 4186 882 4248 et
909 4167 1120 4276 Bugalen3
1160 4161 1423 4261 Malorossis,
1467 4159 1661 4249 Cosaccis
1690 4182 1734 4246 et
1760 4160 1808 4247 in
1834 4161 1944 4250 Sibi·

414 4311 477 4399 ria
505 4315 660 4431 passim
688 4320 897 4431 Pugatsch
924 4314 974 4425 (i.
1003 4345 1041 4399 e.
1071 4312 1285 4424 terrifica).
1341 4311 1505 4397 Tataris
1533 4312 1755 4411 mahalat,-
1790 4314 1942 4401 monti·

415 4466 520 4553 colis
550 4467 732 4556 Sibiriae
772 4470 881 4583 Ugia.
953 4463 1196 4551 Baschkiris
1239 4466 1348 4552 Uita
1390 4474 1433 4577 (a
1460 4477 1608 4571 voce);
1646 4463 1803 4553 Jacutis
1851 4466 1941 4570 Yss,

417 4623 486 4707 vel
514 4621 594 4709 Oet
606 4673 620 4687 ·
635 4625 865 4740 pyrgalals,
911 4622 983 4730 (ab
1012 4617 1199 4722 auribus,
1243 4648 1344 4733 quas
1377 4615 1454 4700 illa
1482 4643 1583 4729 gens
1610 4617 1656 4702 in
1685 4614 1820 4703 mitris
1848 4614 1945 4700 imi·

415 4781 567 4886 tatur),
609 4774 715 4862 item
758 4775 977 4887 Uehgis‘rae
1020 4776 1065 4881 (a
1089 4776 1231 4885 voce).
1266 4818 1270 4825 ·
1301 4767 1516 4885 Mongolis
1553 4769 1944 4891 Sabatia-Sedabdn

1441 4934 1494 5030 39
1667 4928 1671 4937 '
