4410 5910
390 466 499 561 XVI

389 746 537 833 multa
580 747 754 864 ubique
798 744 1006 834 docenda
1040 763 1089 831 et
1124 745 1343 832 discenda
1388 745 1479 830 sint
1514 742 1571 829 ad
1614 743 1810 830 directos
1847 771 1955 831 usus
1992 722 2074 832 vei

387 919 529 1035 plane
567 948 685 1024 non,
723 921 803 1006 vel
839 919 1019 1006 nonnisi
1054 947 1080 1004 e
1117 918 1374 1036 longinquo
1410 906 1667 1003 facientia?
1701 943 1818 1030 quae
1843 933 1993 1003 tamen
2020 918 2076 1017 is,

390 1089 471 1205 qui
508 1094 747 1209 profitetur
782 1091 1040 1193 scientiam,
1112 1107 1161 1176 et
1195 1091 1369 1204 optimo
1407 1088 1590 1205 quidem
1628 1093 1751 1196 Jure,
1813 1090 1937 1175 haud
1975 1107 2078 1175 tan·

391 1288 528 1379 quam
581 1246 848 1380 superfluva
901 1264 1099 1379 spernit,
1162 1289 1248 1349 nec
1284 1262 1437 1378 sperni
1489 1287 1623 1377 posse
1676 1261 1826 1346 sentit.
1917 1260 2078 1349 Nonne

391 1433 596 1521 scientiis
631 1434 1000 1552 philosophicis,
1050 1435 1279 1551 physicis,
1326 1428 1575 1534 Chemiae,
1611 1432 1908 1531 Anatomiae‚
1942 1437 2080 1521 theo·

326 1659 329 1663 ·
390 1605 486 1693 riae
532 1609 735 1696 medicae
781 1608 940 1696 itidem
986 1607 1204 1696 minutiae
1240 1626 1288 1695 et
1324 1608 1508 1695 allotria
1554 1607 1818 1723 exprobrari
1853 1600 2081 1721 possent?

395 1774 557 1895 Utique
603 1799 656 1870 ut
700 1799 823 1868 recte
858 1778 893 1869 S
902 1807 1092 1886 cneco,
1163 1784 1203 1868 si
1249 1781 1468 1868 bominum
1513 1782 1778 1897 sapientium
1823 1806 1989 1865 ornnem
2033 1788 2080 1868 et

391 1954 584 2067 megetia
626 1954 886 2067 gravissimo
929 1979 1077 2041 sereno
1124 1956 1267 2042 antino
1305 1953 1573 2057 excusseris,
1627 1976 1773 2038 omnes
1808 1954 1922 2038 tales
1957 1962 2077 2060 sunt,

390 2125 709 2218 stultioribus
744 2125 985 2227 mentibus,
1050 2128 1105 2218 iis
1141 2127 1294 2242 quibus
1329 2135 1540 2244 punctum
1562 2133 1668 2228 est,
1730 2122 1847 2237 quod
1873 2110 1996 2242 ferro
2032 2132 2078 2215 et

391 2298 485 2412 igni
521 2300 634 2388 inter
669 2309 738 2388 tot
771 2308 923 2414 gentes
960 2298 1203 2400 dividitur,
1239 2301 1474 2388 contemtui
1511 2323 1602 2385 esse
1639 2295 1837 2385 debeant.
1856 2347 1907 2364 -
1941 2296 1991 2384 Si
2016 2300 2077 2388 ad

389 2469 663 2593 dignitatem
708 2474 927 2562 scientiae
981 2477 1320 2590 cujuscunque,
1388 2501 1508 2591 quae
1544 2473 1766 2559 directum
1803 2470 2074 2559 humanitati

392 2651 446 2730 et'
474 2647 726 2734 notabilem
769 2664 1004 2764 praestant
1039 2674 1195 2752 usum,
1258 2648 1536 2763 posthabitis
1572 2662 1620 2731 et
1655 2643 1832 2752 rejectis
1868 2630 2077 2732 omnibus

391 2843 512 2935 quae
528 2822 789 2938 complent,
824 2821 1097 2937 expoliunt,
1134 2822 1400 2938 perficiunt,
1435 2823 1631 2929 juvant3
1676 2820 1771 2904 heu
1797 2818 2078 2932 quantillum

391 2993 619 3108 supererit
653 2985 1009 3116 cognitionum?
1044 2993 1204 3081 Nonne
1243 3012 1396 3081 autem
1431 2995 1562 3080 hisce
1589 2991 1822 3078 nauseosis
1840 2991 2074 3107 palatibus

390 3167 755 3256 accommodatae
802 3168 1019 3256 scientiae
1065 3169 1125 3255 ad
1170 3168 1405 3284 antiquam
1448 3167 1613 3253 sensim
1655 3164 1904 3252 barbariem
1941 3163 2077 3251 redu·

390 3357 496 3426 cent
513 3330 596 3425 2-
632 3339 870 3459 Quicquid
906 3341 1024 3428 enim
1062 3341 1292 3430 immodici
1310 3339 1595 3456 antiquitatis
1623 3338 1911 3425 admiratores
1927 3330 1986 3452 (*)
2005 3335 2079 3422 di·

391 3528 517 3617 cant,
580 3540 672 3602 non
708 3514 971 3604 admiranda
1007 3515 1203 3633 quadam
1239 3514 1291 3601 vi
1325 3512 1511 3622 judicii,
1564 3536 1713 3628 neque
1750 3511 1927 3596 selectu
1963 3536 2078 3597 nau·

392 3708 545 3785 seosa,
580 3688 843 3805 praesertim
881 3688 929 3774 in
966 3685 1163 3796 Naturae
1200 3687 1389 3775 historia
1423 3685 1673 3788 tractanda,
1711 3710 1880 3771 summa
1896 3699 2074 3769 tantum

243 3844 246 3851 ’
389 3882 539 3972 rerum
574 3860 728 3975 capita
766 3861 1029 3949 delibatum
1052 3861 1282 3965 seniores,
1335 3859 1423 3983 sed·
1452 3861 1635 3976 potius,
1681 3858 1808 3974 ipso,
1863 3882 1954 3945 non
1992 3881 2076 3941 ex-

392 4046 532 4146 cepto
569 4031 911 4137 Aristotele,
961 4033 1009 4121 id
1025 4033 1187 4121 fecisse
1215 4034 1455 4132 videntur,
1502 4033 1626 4150 quod
1652 4030 1845 4117 inomni
1881 4030 2076 4145 primum

392 4205 550 4290 excoli
585 4222 751 4322 coepta
789 4207 1008 4294 scientiae
1044 4225 1175 4324 parte
1212 4208 1313 4294 sieri
1333 4210 1476 4312 solet,
1520 4207 1603 4293 vel
1621 4204 1744 4320 quod
1771 4199 2075 4321 Topographi

391 4395 552 4491 parum
605 4379 821 4500 cognitae
873 4380 1073 4500 regionis
1126 4381 1387 4486 ordiuntur,
1450 4379 1573 4468 illud
1625 4402 1790 4492 nempe
1843 4374 2076 4476 dixerunt,

393 4550 518 4662 qnod
555 4552 699 4673 magis
735 4553 916 4640 illustre
951 4554 999 4639 in
1035 4557 1195 4642 oculos
1231 4556 1521 4666 incurrebat3
1558 4551 1681 4639 unde
1699 4551 1883 4638 illorum
1903 4547 2077 4634 medio·

393 4719 527 4808 critas
571 4725 714 4813 hodie
760 4726 1032 4843 quibusdam
1074 4727 1323 4835 judiciosus
1370 4726 1579 4814 delectus
1622 4724 1821 4811 videtur.
1912 4719 2001 4806 Sed
2037 4720 2077 4806 si

390 4894 537 5013 magis
578 4899 719 4987 obvia
763 4916 812 4986 et
851 4926 989 5018 saepe
1034 4900 1245 5019 graviora
1290 4916 1683 5017 praeoccuparunt
1725 4896 1922 5016 priores,
1984 4917 2077 4979 non
