4410 5910
1038 293 1193 349 Ε
1867 277 1953 378 363

480 491 611 582 Falco
637 490 922 611 aeruginosus,
952 495 1044 601 Lim
1071 518 1176 608 syra
1204 499 1239 580 1.
1268 526 1310 612 p.
1345 509 1435 592 130.
1464 527 1527 615 sp.
1558 529 1624 607 29.

485 655 555 771 Le,
574 650 756 771 Buzard,
782 651 949 768 Buffon·
978 680 1063 737 orn.
1084 652 1119 736 I.
1148 684 1190 772 p.
1209 665 1301 747 216.
1330 652 1415 742 tab.
1436 684 1498 738 ιο.
1526 659 1698 774 optima·
1727 649 1946 742 D’aubcnt.

534 813 640 888 icon.
667 809 746 889 col.
774 835 814 886 n.
843 818 964 908 424„

369 955 544 1041 Rossice
572 959 674 1040 Lien.
728 942 892 1039 Tataris
918 956 1296 1066 Komysch·Kard;
1332 953 1573 1046 Baschkiris
1600 958 1823 1070 Bolstorgd.

397 1113 447 1191 In
475 1107 688 1225 paludosis
714 1130 758 1192 et
785 1104 1045 1193 arundinetis
1072 1108 1246 1195 Russiae
1275 1132 1319 1195 et
1347 1109 1526 1194 Sibiriae
1555 1109 1714 1227 ubique
1743 1105 1842 1191 s'atis
1869 1106 1947 1192 fre·

259 1287 393 1383 quens
421 1257 531 1358 avis,
572 1257 695 1355 humi
722 1232 841 1344 ranas
878 1280 922 1343 et
955 1260 1131 1346 lacertas
1158 1263 1301 1375 legens
1328 1283 1373 1348 et
1398 1259 1498 1346 ideo
1526 1262 1773 1379 plerumque
1801 1260 1946 1344 volatu

258 1390 416 1498 terram
443 1413 603 1496 radens.
657 1411 807 1496 Variat
833 1402 1013 1496 multum
1041 1414 1204 1511 colore,
1247 1416 1321 1498 sed
1362 1444 1447 1499 non
1485 1441 1637 1528 aeque,
1678 1410 1743 1494 uti
1770 1439 1946 1525 sequens
2028 1436 2032 1444 ·

256 1561 440 1679 species,
471 1562 658 1647 omnium
684 1564 771 1649 lere
800 1562 940 1647 avium
969 1563 1303 1650 mutabilissima.
1358 1568 1500 1652 Ambo
1541 1584 1745 1651 structura
1785 1562 1948 1648 aurium

258 1690 314 1798 ad
338 1690 513 1830 'Stryges
541 1686 765 1819 accedunt,
808 1736 852 1799 et
888 1714 1127 1830 vespertino
1156 1747 1323 1833 quoque
1363 1741 1553 1834 tempore
1592 1714 1839 1833 praesertim
1879 1749 1947 1800 va·

257 1887 422 1980 gantur.
484 1870 590 1951 Sunt
617 1890 829 1952 caeterum
857 1863 1033 1950 imbelle
1061 1889 1106 1951 et
1131 1867 1332 1982 ignavum
1359 1899 1509 1984 genus,
1553 1870 1608 1954 ad
1634 1866 1797 1984 proelia
1823 1866 1948 1954 mini·

257 2047 330 2107 ne
357 2041 520 2135 aptum,
551 1991 743 2102 imbellia
771 2038 933 2119 tantum
963 2016 1214 2143 animalcula
1242 2018 1363 2106 humi
1392 2043 1612 2107 sectantes.

351 2152 355 2159 Δ
393 2173 566 2255 Descr.
619 2171 867 2282 Magnitudo
909 2166 1161 2270 Columbae3
1203 2174 1369 2258 Pondus
1403 2166 1546 2259 'variat
1587 2203 1611 2254 a
1650 2168 1749 2295 libr.
1792 2172 1946 2289 sesqui·

256 2321 411 2443 ultera,
430 2323 495 2406 ¹ad
521 2320 842 2436 sesquitertiam.
904 2322 1096 2405 Rostrum
1131 2320 1319 2438 nigrum,
1359 2325 1452 2409 basi
1479 2347 1525 2409 et
1553 2323 1715 2438 angulis
1742 2323 1825 2410 oris
1854 2354 1947 2409 coe·

256 2446 483 2560 fflescens.
553 2443 659 2559 Cere
678 2454 682 2461 ¹
698 2502 820 2588 supra
860 2469 1135 2556 livido-flava
1165 2476 1234 2559 vel
1262 2475 1430 2561 sordide
1473 2475 1704 2574 virescens,
1748 2474 1949 2560 lateribus

257 2625 416 2711 livido·
429 2626 737 2728 coerulescens,
766 2621 964 2708 radiatim
985 2622 1146 2739 pilosis.
1199 2628 1333 2715 Nares
1354 2628 1737 2744 oblongo-orales,
1769 2627 1947 2742 amplae,

257 2781 313 2864 ad
341 2777 574 2893 marginem
601 2806 724 2863 cerae
752 2796 1045 2874 excurrentes,
1079 2773 1242 2864 concha
1270 2777 1433 2895 postice
1461 2780 1791 2900 subprominula.
1819 2778 1950 2862 In'des

258 2933 602 3047 grymo-fuscam
643 2937 743 3016 cilio
770 2907 925 3038 nigra-¹
956 2928 1119 3038 Lingua
1150 2930 1457 3015 obsoletissime
1485 2931 1755 3044 emarginata.
1812 2933 1950 3046 Caput

256 3114 381 3201 supra
408 3114 538 3200 usque
582 3083 635 3167 ad
675 3076 888 3199 cervicem
922 3077 1083 3192 pallide
1124 3079 1427 3192 ferrugineum,
1469 3078 1563 3164 aliis
1592 3082 1679 3163 fere
1709 3080 1949 3183 albescens,

256 3230 490 3321 rhachibus
518 3231 665 3335 luscis,
707 3259 783 3346 per
823 3226 1032 3313 cervicem
1062 3228 1200 3313 lituris
1229 3231 1383 3316 sensim
1412 3229 1656 3345 majoribus;
1693 3236 1800 3342 gula
1827 3227 1951 3343 palli·

254 3387 333 3485 ὼς
362 3417 460 3472 area
488 3388 541 3471 ab
570 3381 703 3470 oculis
731 3411 807 3495 per
835 3409 952 3464 aures
981 3382 1240 3465 descendens
1268 3383 1450 3494 oblonga
1486 3382 1619 3496 nigra.
1675 3384 1834 3496 Corpus
1860 3379 1948 3496 ple·

255 3566 434 3652 rumque
461 3538 599 3622 totum
626 3532 860 3649 aequaliter
885 3501 1113 3644 fuliginoso
1131 3531 1346 3648 ·nigrum;
1384 3535 1505 3619 bases
1541 3534 1701 3617 alarum
1735 3554 1780 3617 et
1815 3534 1948 3617 latera

253 3688 392 3804 luguli
419 3654 907 3774 latescente-maculata.
964 3691 1014 3767 In
1043 3682 1138 3768 aliis
1166 3715 1316 3800 corpus
1344 3681 1602 3798 marginibus
1631 3684 1867 3798 plumarum
1888 3682 1950 3765 lu·

253 3838 337 3925 teis
364 3841 437 3925 vel
464 3815 643 3956 pallidis
664 3834 821 3954 passim
847 3834 1119 3947 variegatam.
1181 3836 1372 3950 demiges
1397 3836 1622 3953 primariae
1658 3871 1719 3919 ιο.
1749 3837 1951 3920 secunda·

256 3987 348 4076 riae
382 3998 457 4078 133
473 3989 661 4104 quinque
696 3986 857 4103 priores
894 4008 1155 4100 angustatae,
1197 3987 1334 4103 prima
1373 3991 1508 4074 multo
1548 3984 1731 4072 brevior.
1798 3985 1947 4070 Couda

255 4142 344 4229 stas
370 4120 554 4257 aequans
591 4142 832 4242 rotundam,
871 4138 1019 4251 longa,
1054 4136 1222 4253 corpori
1258 4140 1471 4227 concolor.
1519 4137 1666 4224 'Pedes
1701 4126 1839 4250 longi,
1881 4163 1951 4217 ro·

256 4292 464 4381 bustiores
492 4293 618 4408 paulo
646 4322 773 4404 quam
802 4291 1015 4404 sequenti,
1046 4289 1433 4395 virescente-flavi,
1469 4287 1676 4404 unguibus
1705 4286 1858 4399 nigris;
1885 4286 1945 4367 di-

249 4455 370 4560 gr'tus
395 4444 581 4532 exterior
600 4453 834 4528 extrorsum
857 4441 1097 4545 versatilis,
1113 4440 1227 4556 plica
1248 4443 1358 4529 laxa,
1400 4446 1598 4527 Mensura
1617 4443 1671 4527 ad
1692 4435 1946 4552 uropygium

260 4603 346 4683 12⁰.
374 4597 622 4704 caudae,·9'‘.
662 4594 804 4679 Ulnae
830 4595 987 4681 alarum
1024 4596 1082 4679 .1‘.'
1111 4599 1172 4680 δ”.
1213 4613 1490 4709 expansarum
1529 4598 1579 4681 θ’.
1623 4593 1704 4676 ιι”.
1744 4588 1948 4674 tibiarum

256 4754 321 4847 s'f.
335 4754 409 4841 6'''.
425 4747 551 4866 digiti
564 4744 698 4839 medii
711 4748 1141 4861 cumol'sssuuguea'ss
1157 4751 1227 4856 51‘2
1240 4743 1454 4862 posticum
1473 4747 1620 4858 (113⁶.)
1636 4771 1774 4863 ungue
1802 4749 1857 4833 172·
1870 4736 1946 4850 γ’.

1458 4907 1477 4952 ,
1853 4896 1864 4910 .
