4410 5910
1030 355 1179 409 ΞΕ
1857 350 1947 437 457

372 557 517 650 nouis
542 556 777 668 Orochoska
805 550 1015 670 (corylina
1041 553 1174 667 avis);
1215 551 1482 642 venatoribus
1508 549 1778 675 Bjelobrouilr
1814 555 1859 671 (a
1885 583 1956 640 su·-

426 710 617 832 perciliis
633 707 761 816 albis)
787 704 894 793 item
921 707 1155 808 Poddrosd,
1182 706 1214 792 i.
1243 737 1281 794 e.
1310 707 1585 795 Semiturdus.
1641 714 1764 819 Deng
1780 754 1796 771 ·
1811 704 1949 793 Ostia·

426 864 488 951 cis
516 865 668 949 Dulrm.
723 857 930 972 Tuugusis
958 861 1100 945 Chiwi.

398 1015 542 1099 Etiam
568 1011 643 1098 hic
670 1009 912 1127 lunipereta
939 1008 1124 1095 maxime
1154 1033 1285 1115 amat,
1314 1032 1360 1095 et
1386 1010 1432 1095 in
1461 1008 1609 1097 Rossia
1635 1007 1793 1126 pariter
1821 1028 1946 1124 atquc

262 1159 417 1251 Sibiria
446 1163 648 1262 occurrit,
674 1163 749 1249 ubi
766 1193 864 1248 curn
883 1163 1027 1246 Turdo
1051 1160 1177 1275 pilari
1199 1161 1375 1276 aliisque
1398 1161 1445 1246 in
1466 1163 1618 1278 sylvis,
1649 1161 1761 1248 circa
1787 1183 1947 1275 stagna,

261 1314 524 1430 migrationis
552 1340 742 1434 tempore
771 1287 1057 1427 congregatur.
1114 1314 1321 1422 Nidificot
1345 1313 1392 1396 in
1420 1313 1637 1398 arboribus
1664 1311 1843 1428 putridis
1872 1311 1952 1396 hu³

260 1466 515 1566 milioribus,
546 1465 733 1549 caulibus
755 1486 799 1548 et
820 1462 1007 1579 gramine
1030 1492 1126 1547 cum
1147 1461 1407 1577 intergerino
1426 1463 1516 1548 luto
1528 1463 1772 1560 aedificans,
1802 1492 1946 1549 musco

259 1617 518 1719 obvestiens,
548 1615 745 1729 foliisque
774 1612 879 1697 Alni
908 1615 977 1698 vel
1007 1613 1155 1726 Coryli
1185 1613 1331 1715 aridis,
1362 1645 1457 1698 curn
1479 1613 1600 1699 molli
1623 1612 1810 1726 gramine
1838 1613 1945 1699 mix·

259 1766 334 1867 tis,
361 1767 596 1852 thalamum
625 1789 827 1850 sternens.
885 1764 1023 1849 Ovula
1051 1762 1221 1848 circiter
1248 1793 1343 1862 sex,
1377 1763 1612 1850 turche'sini
1640 1765 1814 1863 coloris,
1842 1797 1946 1880 pun·

259 1917 339 2004 ctis
367 1918 588 2034 liturisque
616 1916 763 2020 fuscis,
793 1915 981 2031 pondere
1006 1911 1175 1998 circiter
1197 1915 1377 2029 scrupul.
1400 1933 1440 2020 4.
1495 1916 1730 2030 Longitudo
1750 1915 1944 2002 intestini

263 2071 394 2177 14ad
427 2070 509 2157 15''.
566 2069 731 2153 Pondus
758 2065 846 2150 avis
878 2101 898 2148 a
930 2066 982 2148 ad
1012 2086 1053 2156 a}
1081 2063 1311 2150 unciarum.

659 2232 747 2343 98.
835 2225 882 2314 T
913 2225 955 2312 U
987 2226 1025 2312 R
1055 2226 1101 2313 D
1129 2225 1227 2313 US
1299 2229 1535 2346 pollent.

389 2374 439 2453 T.
467 2399 641 2484 corpore
669 2365 910 2452 flavescenti
924 2416 939 2430 ·
954 2366 1145 2466 cinereo,
1186 2370 1328 2452 subtus
1349 2368 1522 2467 albido,
1557 2367 1671 2455 collo
1698 2368 1945 2470 lucescente,

256 2518 503 2606 rectricibus
531 2521 646 2604 fusco
662 2569 676 2584 ·
692 2517 889 2622 cinereis‚
928 2516 1100 2601 extimis
1129 2516 1248 2634 apice
1264 2516 1397 2610 albis.

473 2675 663 2756 Laetam.
691 2702 757 2754 ao.
786 2672 862 2752 III.
892 2703 933 2782 p.
964 2683 1030 2754 32.
1058 2700 1097 2751 n.
1129 2703 1193 2777 27.

355 2800 361 2807 ¹
391 2827 441 2905 In
470 2821 667 2925 arbustis,
696 2819 809 2906 circa
837 2817 985 2904 fluvios
1015 2816 1224 2902 Dauuriae
1254 2848 1374 2919 vere,
1414 2817 1612 2937 circaque
1640 2823 1853 2908 Bai'calem
1880 2821 1939 2907 la·

254 2999 372 3070 cum,
398 2968 445 3054 in
474 2970 722 3087 alpestribus
750 2966 901 3083 sylvis,
935 2989 1025 3052 tota
1055 2991 1211 3053 aestate
1240 2974 1454 3083 frequens,
1484 3001 1672 3057 canorus.

389 3125 566 3208 Descr.
621 3120 870 3234 Magnitudo
895 3123 947 3203 T.
977 3117 1139 3203 musici.
1195 3122 1387 3205 Rostrum
1414 3122 1601 3236 nigrum,
1632 3119 1806 3205 maxilla
1832 3120 1939 3206 infe·

252 3269 362 3355 riore
390 3270 526 3370 lutea,
555 3269 675 3385 apice
704 3268 958 3381 nigricante3
988 3300 1034 3353 os
1061 3268 1174 3353 intus
1203 3291 1247 3352 et
1274 3260 1425 3384 anguli
1444 3273 1571 3358 lutea.
1628 3276 1769 3356 Lituro
1799 3302 1937 3389 supra·

253 3404 411 3505 ciliaris
438 3442 486 3505 et·
511 3423 640 3506 altera
668 3423 743 3503 sub
771 3418 905 3504 oculis
932 3418 1092 3533 pallida
1106 3470 1120 3483 ·
1134 3420 1250 3521 alba3
1292 3452 1411 3508 aures
1450 3421 1665 3524 cinereae,
1709 3419 1937 3507 rhachibus

254 3567 374 3655 albis.
431 3574 591 3687 Corpus
617 3600 739 3687 supra
766 3569 1009 3654 flavescenti
1023 3618 1037 3636 ·
1050 3567 1265 3656 cinereum
1290 3594 1447 3672 totum;
1486 3581 1591 3685 gulo
1617 3572 1780 3687 pallido
1796 3623 1810 3638 ·
1827 3574 1936 3676 alba,

253 3718 390 3804 lituris
419 3720 581 3836 duplici
602 3743 739 3806 tractu
767 3720 959 3824 cinereis‚
987 3720 1237 3837 punctisque
1265 3722 1397 3806 acutis
1424 3723 1549 3807 fuscis
1576 3752 1716 3807 versus
1742 3712 1944 3808 rostrum.-

252 3873 415 3958 Cottum
441 3869 614 3957 inferius
642 3901 772 3985 usque
800 3873 854 3955 ad
880 3872 1089 3983 jugulum,
1129 3879 1263 3957 latero
1303 3872 1489 3987 corporis
1529 3877 1605 3958 sub
1647 3873 1723 3957 alis
1765 3894 1810 3956 et
1842 3880 1940 3958 aloe

249 4022 391 4105 subtus
415 4021 696 4138 pallidissime
723 4022 968 4106 lutescentis
994 4022 1066 4106 vel
1094 4019 1239 4107 ochrei
1262 4021 1437 4122 coloris;
1464 4025 1628 4139 reliqua
1655 4023 1797 4108 subtus
1824 4022 1934 4107 alba.

249 4173 356 4257 Alae
397 4176 556 4276 fuscae,
600 4195 722 4257 extus
763 4172 1086 4273 cinerescentes3
1128 4183 1301 4286 remiges
1336 4207 1397 4280 ¹9·
1438 4171 1574 4287 prima
1602 4171 1799 4277 minima,
1842 4164 1941 4277 324³

250 4344 491 4437 angustatae
519 4324 724 4426 exterius,
778 4358 819 4407 ιι
838 4372 853 4386 -
874 4337 933 4410 ι5.
961 4322 1139 4408 minimo
1174 4324 1367 4409 acumine
1396 4324 1541 4439 apicis.
1610 4327 1758 4410 Coudo
1786 4352 1935 4439 aequa·

250 4470 321 4569 lis,
350 4475 465 4560 fusco
485 4474 871 4578 -subcinerascens,
912 4453 1124 4577 unicolor,
1167 4474 1344 4560 rectrioe
1372 4474 1567 4589 utrinque
1610 4477 1768 4561 extima
1806 4478 1935 4591 paulo
2024 4558 2028 4563 .

247 4623 458 4729 breviore,
497 4624 617 4741 apice
647 4623 871 4708 albicante.
940 4625 1066 4709 Pedes
1092 4624 1304 4724 corneoli,
1345 4623 1463 4710 tibiis
1506 4627 1715 4740 (integrisl
1757 4627 1932 4744 postica,

249 4770 479 4892 digitisque
507 4779 649 4862 subtus
678 4774 808 4860 flavis.
879 4777 1043 4863 Pondus
1083 4779 1170 4860 fere·
1205 4775 1449 4860 biunciale.·
1504 4780 1735 4890 Lougitutlo
1762 4798 1852 4863 tota
1881 4780 1948 4864 ad·

1448 4940 1500 5013 58
