4410 5910
1035 395 1185 479 ··.-“““··“-“
1861 411 1944 495 271

257 591 388 701 tensi,
424 589 473 677 in
509 588 669 676 extima
702 589 861 704 lacinia
893 587 1100 704 longiore.
1171 593 1382 706 Unguium
1417 594 1597 711 vestigia
1634 598 1789 717 exigua
1825 631 1947 725 supra

256 743 377 862 lobos
406 742 618 860 digitales
674 744 844 829 Coudoe
872 741 970 828 loco
997 772 1160 856 coccyx
1187 743 1300 829 inter
1327 748 1510 862 posticos
1535 754 1667 866 pedes
1689 758 1942 869 prominula.
1980 830 1987 841 „

256 896 376 982 Panis
402 924 542 980 osseus
569 917 780 997 exsertus,
809 892 1126 1009 sesquipedalis.
1182 898 1307 984 Pallia
1335 925 1455 985 extus
1483 926 1574 987 tota
1602 909 1830 1018 squamulis
1858 912 1946 1027 epi·

256 1047 461 1133 dermidis
488 1048 653 1145 scabra,
679 1067 770 1129 tota
798 1045 889 1160 pilo
918 1047 1143 1150 mollusco,
1175 1048 1379 1164 crispulo,
1410 1054 1551 1157 brevi,
1589 1057 1729 1143 lusco·
1737 1062 1946 1147 rufescen·

254 1223 300 1283 te
330 1229 531 1285 muscosa
587 1190 794 1315 Mystacis
821 1218 936 1279 setae
966 1195 1314 1312 rigidissimae,
1302 1231 1350 1285 m
1377 1203 1491 1290 labio
1520 1209 1737 1323 superiore
1764 1211 1944 1319 tumido,

254 1350 403 1437 bilobo
430 1348 726 1434 creberrimae.
791 1350 967 1433 Aurium
993 1374 1156 1436 meatus
1184 1377 1382 1490 externus
1411 1356 1607 1472 exiguus,
1644 1365 1764 1448 nulla
1788 1364 1949 1450 auricu-

253 1504 297 1588 la
328 1502 602 1616 marginatus,
637 1499 684 1584 in
712 1529 813 1613 ruga
849 1498 1045 1584 circulari
1080 1502 1192 1587 cutis
1223 1479 1468 1592 coarctatus.
1533 1514 1709 1597 Narium
1744 1516 1946 1602 cavitates

255 1655 398 1740 antice
428 1653 679 1766 ampliatae,
704 1655 866 1754 laeves,
897 1680 1047 1764 aquam
1073 1653 1334 1771 recipientes
1358 1680 1403 1741 et
1431 1661 1708 1772 ejaculantes,
1744 1665 1948 1754 interiora

253 1828 465 1921 occupant
500 1837 596 1889 ossa
635 1803 978 1889 multilamellata
1013 1815 1254 1920 spongiosa,
1299 1817 1430 1921 majus
1465 1835 1510 1895 et
1543 1812 1702 1918 minus,
1743 1818 1948 1931 amplissi-

251 1990 370 2044 mam
408 1952 602 2042 odoratui
644 1953 908 2070 superficiem
943 1955 1213 2071 praebentia,
1256 1987 1340 2071 quo
1377 1989 1514 2074 aeque
1550 1996 1596 2048 ac
1635 1966 1785 2052 auditu
1811 1971 1946 2083 pollet

248 2116 496 2196 Rosmarus.
556 2104 784 2209 Historiam
813 2109 1049 2194 naturalem
1078 2107 1275 2193 animalis
1301 2111 1469 2226 egregie
1498 2116 1675 2201 tradidit
1704 2121 1803 2235 Opt.
1832 2125 1945 2209 Peu-

255 2282 376 2347 aont
416 2262 553 2371 (Zool.
583 2279 684 2344 oret.
712 2265 792 2344 loc.
821 2265 911 2368 cit.)

392 2415 436 2497 N
442 2434 529 2497 ota
564 2446 601 2495 a.
666 2409 772 2494 Vidi
807 2410 913 2496 olim
949 2421 1123 2496 Bremae
1160 2410 1208 2495 in
1247 2419 1396 2499 Museo
1439 2419 1760 2538 Pharmacopoei
1794 2428 1946 2511 Melm

252 2569 409 2654 dentes
437 2586 625 2649 exsertos
654 2561 889 2648 Rosmari
876 2594 923 2647 1n
957 2563 1117 2648 ricinia
1144 2563 1279 2668 urbis,
1310 2571 1364 2652 ad
1400 2567 1600 2684 Visurgin
1637 2603 1661 2656 e
1690 2576 1801 2659 colle
1829 2606 1946 2690 prae

249 2740 381 2834 rupto
410 2740 563 2801 emtos.
620 2713 756 2799 Simul
784 2711 1113 2830 elephantinum
1144 2720 1249 2804 ebur
1281 2719 1585 2887 quadripedale
1614 2756 1754 2843 prope
1788 2735 1950 2814 Petere

231 2869 399 2984 hagan
427 2872 481 2956 ad
508 2866 711 2986 Visurgin
735 2867 973 2954 inventum.

862 3222 1154 3332 ORDO
1226 3231 1346 3333 VII.

617 3428 1611 3641 Caracca

399 3792 599 3910 Cognitio
627 3801 905 3881 Cetaceorum
936 3793 982 3881 in
1012 3797 1195 3882 maribus
1223 3796 1454 3913 Imperium
1482 3801 1617 3883 Rosso
1643 3795 1863 3885 adatictmr
1898 3780 1955 3886 ab

227 3970 378 4053 ¹arcto
406 3972 452 4035 et
477 3948 643 4035 oriente
682 3946 935 4034 alluentium
970 3944 1187 4064 hucusque
1221 3947 1588 4064 imperfectissima
1624 3973 1700 4035 est.
1764 3959 1859 4038 Nec
1894 3975 1958 4035 ta·

253 4128 364 4188 rnen
391 4101 569 4186 dubium
595 4102 817 4217 plerasque
846 4099 1009 4216 species
1038 4132 1146 4215 quae
1182 4093 1294 4187 inter
1329 4100 1661 4188 Groenlandiam
1689 4126 1734 4186 et
1761 4102 1953 4218 Spizber·

252 4280 410 4369 geuses
437 4254 594 4338 insulas
622 4255 675 4338 ab
703 4251 937 4369 Europaeis
965 4251 1187 4368 capiuntur
1215 4256 1269 4338 ad
1295 4277 1481 4337 nostram
1510 4258 1697 4337 Faunam
1723 4251 1956 4369 pertinere,

253 4402 521 4520 ulteriusque
548 4436 625 4521 per
653 4435 766 4489 mare
807 4429 995 4492 arctoum
1023 4403 1212 4519 evagari,
1241 4428 1284 4489 et
1311 4405 1360 4488 in
1386 4403 1582 4489 orientali
1618 4434 1778 4490 oceano
1813 4407 1959 4520 plures
2085 4466 2103 4488 ,

257 4553 396 4641 etiam
424 4557 516 4642 dari
541 4557 702 4674 species
731 4589 816 4643 non
851 4562 960 4644 bene
998 4583 1131 4644 notas.
1203 4555 1338 4642 Nolui
1373 4579 1515 4641 tamen
1551 4557 1679 4642 certis
1713 4553 1956 4642 immiscere

255 4706 447 4808 incerta,
484 4733 528 4795 et
567 4741 636 4794 eas
671 4733 836 4795 tantum
869 4710 943 4796 hic
983 4713 1238 4796 enumerabo
1266 4707 1427 4825 species
1455 4739 1561 4825 quae
1589 4705 1990 4795 observationibus

257 4882 477 4971 constant,
507 4861 656 4951 addito
681 4863 803 4951 brevi
831 4856 1012 4954 elencho
1048 4867 1353 4966 Cetaceorum,
1386 4890 1489 4977 quas
1523 4857 1696 4949 incolae
1727 4859 1960 4948 insularum
