4410 5910
266 410 366 515 trab
1039 424 1187 479 a

403 630 578 716 Das-cr.
631 627 881 742 Magnitudo
914 624 1065 712 Turdi.
1131 625 1405 723 normas
1438 625 1484 713 in
1517 630 1564 715 P.
1586 627 1764 725 Cissa..
1798 622 1962 743 Lingua

264 780 457 884 brevior,
487 810 615 895 quam
643 777 968 895 congeneribus,
996 775 1120 894 apice
1145 806 1320 882 corneo,
1361 779 1559 896 utrinque
1587 803 1815 869 retrorsum
1838 777 1958 865 cilis-

263 956 331 1040 to,
363 921 559 1051 ancipiti.
627 933 756 1019 Irides
784 930 1098 1017 rutilo-fuscae.
1164 933 1302 1020 ritem
1334 931 1506 1021 verrius
1544 931 1591 1021 in
1634 964 1748 1020 more
1788 928 1958 1043 llavitsig

261 1117 356 1173 mus
383 1087 618 1188 inauratura
659 1084 707 1170 in
724 1089 913 1197 foemina
939 1083 1326 1199 argenteo-albus,
1354 1083 1640 1185 incanescens.
1709 1087 1875 1172 Ductus
1902 1082 1961 1169 al·

261 1241 340 1327 bus
368 1235 585 1355 (utrinque
614 1240 667 1323 ab
695 1238 820 1323 oculo
846 1242 980 1347 ortus)
1017 1233 1066 1320 iu
1098 1236 1271 1321 cervice
1291 1274 1295 1281 ·
1312 1241 1591 1341 coadunatus,
1627 1238 1732 1331 inde
1770 1235 1956 1355 simplex

259 1422 339 1512 per
364 1415 505 1480 totum
532 1395 723 1488 dorsum,
764 1416 895 1504 usque
931 1391 986 1472 ad
1024 1387 1278 1505 uropygium
1304 1389 1645 1505 lougimdiuolisr
1685 1397 1799 1487 chres
1826 1386 1953 1476 utriu-

258 1574 345 1660 que
374 1577 397 1629 a
425 1565 559 1631 rostro
588 1545 642 1629 ad
669 1538 868 1627 humeros
894 1539 1232 1656 longitudinalis.
1296 1542 1448 1630 Subtus
1475 1541 1565 1628 avis
1593 1542 1710 1648 alba,
1751 1540 1954 1631 lateribus

258 1694 583 1810 nigro-striatis.
654 1690 1080 1781 caesarianum
1108 1692 1335 1779 duodecim
1366 1693 1544 1810 pennis3
1582 1705 1772 1783 rectrices
1800 1708 1841 1780 6.
1871 1721 1952 1779 ma·

259 1846 357 1932 diae
386 1846 549 1962 nigrae,
591 1847 785 1931 laterales
815 1844 912 1930 albo
928 1895 943 1910 ·
957 1842 1213 1946 maculatae3
1253 1850 1299 1930 in
1338 1844 1498 1930 femina
1533 1841 1615 1931 hae
1646 1845 1791 1949 albae,
1833 1843 1951 1959 nigro

258 1999 507 2084 maculatae.
564 2001 754 2113 Remigcs
783 2030 849 2101 nr.
890 1992 1093 2111 primores
1136 1998 1189 2082 ad
1234 2012 1311 2101 15.¹
1334 1997 1486 2082 areolis
1526 1997 1633 2083 albis
1675 2000 1729 2084 ab
1774 2019 1950 2112 utroque

258 2149 447 2264 margine
475 2149 644 2235 insertis
671 2147 935 2264 pectinatae,
969 2183 1030 2258 ¹7·
1062 2146 1114 2232 ad
1145 2183 1210 2232 21.
1240 2149 1380 2234 areola
1409 2116 1819 2264 apicis'cordiformi
1841 2148 1943 2249 alba,

99 2403 102 2406 ἢ
256 2329 367 2415 quae
396 2316 440 2384 et
467 2300 513 2387 in
543 2316 678 2388 3·13.
707 2299 1035 2414 tectricibusque
1073 2320 1253 2385 notatur.
1321 2301 1477 2386 Pedum
1503 2298 1829 2415 tridacty'lorum
1856 2326 1944 2416 pro·

256 2451 350 2571 pria
378 2454 498 2536 deest
524 2450 681 2566 digitus
721 2453 934 2567 posticas,
976 2454 1204 2536 secundum
1237 2451 1430 2541 omnium
1461 2451 1603 2536 arium
1632 2482 1827 2538 normam
1861 2446 1944 2535 uni·

256 2601 521 2704 articulatus;
550 2625 756 2726 superstes
768 2604 930 2719 digitus
954 2600 1028 2688 vix
1052 2602 1273 2688 evidenter
1299 2600 1520 2706 robustior,
1546 2610 1677 2720 quam
1696 2602 1744 2688 in
1766 2602 1863 2689 aliis
1881 2598 1940 2686 Pi·

255 2755 333 2842 cis.
391 2757 615 2843 Caeterum
642 2754 748 2842 mira
775 2755 883 2842 haec
911 2754 1083 2841 naturae
1113 2757 1335 2845 aberratio.
1361 2779 1419 2826 ὦ
1447 2757 1640 2847 Ροπᾶω·
1659 2755 1794 2872 uulgo
1824 2789 1847 2840 a
1875 2783 1940 2838 uu·

253 2880 438 3010 ciarum,
480 2936 577 2994 cum
607 2919 653 2996 ἰ.
692 2944 713 2995 2
751 2909 821 2994 rel
856 2906 1120 3022 sesquitertia
1144 2905 1376 2994 drachmis.
1444 2912 1584 2995 Mares
1611 2906 1940 3024 ponderosiores.

252 3062 513 3147 Ventriculus
533 3062 852 3178 panniculosus,
893 3061 1010 3145 mole
1036 3061 1318 3176 amygdalae,
1348 3060 1477 3148 cossio
1520 3061 1591 3145 vel
1619 3058 1940 3176 Chrysalidibus

251 3209 590 3299 Ichneurnouum
619 3237 745 3329 atque
774 3211 1043 3298 formicarum
1070 3212 1237 3299 farctus.
1294 3217 1534 3301 intestinum
1561 3211 1751 3328 amplum
1778 3246 1826 3296 rs
1840 3208 1936 3326 poll.

249 3363 439 3482 longum,
493 3365 798 3470 Cocconulla,
841 3366 916 3449 sed
943 3384 1105 3449 rectum
1133 3364 1394 3481 ampliatum.
1440 3370 1593 3479 -Cycu
1619 3362 1668 3448 in
1695 3360 1857 3481 hepate
1882 3356 1936 3445 bi·

249 3500 352 3601 lodo
375 3517 510 3608 mlta.
543 3554 547 3563 ·
567 3521 752 3604 scelerae
779 3538 825 3602 ut
852 3515 899 3602 in
924 3515 1038 3601 Picis
1064 3515 1192 3602 variis
1199 3574 1213 3616 ,
1241 3516 1556 3634 cartilaginibus
1584 3513 1744 3602 lunatis
1766 3516 1821 3602 ad
1847 3536 1934 3601 ster·

251 3665 298 3751 ui
325 3668 559 3782 marginem
586 3668 902 3755 abdominalem
928 3668 1193 3754 instructum.

306 3948 342 3959 Ι.
446 3863 450 3870 ·
623 3835 651 3865 ”
753 3831 840 3947 69.
933 3825 1213 3921 PICUS
1279 3816 1442 3951 Jy'nn
1523 3847 1529 3857 “

265 3972 270 3983 ’
386 3974 432 4058 Ρ.
461 3971 597 4056 cauda
623 3968 1063 4085 molli-integerrima,
1093 4000 1269 4090 corpore
1298 3998 1518 4059 araneoso·
1534 3971 1767 4088 variegata.

466 4129 580 4238 Jyrrx
608 4152 641 4209 s.
670 4121 892 4239 Torquilla
919 4125 1173 4226 Auctorem,
1209 4125 1431 4240 Willughb.
1459 4158 1547 4214 om.
1574 4156 1617 4242 p.
1647 4140 1718 4234 95.
1758 4124 1847 4211 tab.
1869 4150 1926 4209 st.

318 4278 328 4287 '
519 4276 613 4394 Raj.
641 4305 736 4389 ayn.
766 4306 833 4364 aa.
873 4306 973 4393 pag.
1000 4290 1069 4382 44.
1111 4276 1252 4365 Arbae
1280 4307 1348 4362 ov.
1378 4281 1412 4363 l.
1457 4280 1543 4365 tob.
1575 4312 1642 4362 or.
1684 4278 1923 4364 Fnschor.

519 4428 606 4514 rat.
637 4440 704 4516 88.
1058 4456 1061 4461 ·

460 4577 649 4669 Graculus
677 4582 924 4696 subgryseus
950 4578 1202 4685 maculatus,
1240 4576 1488 4667 rectricibus
1515 4579 1668 4696 nigris,
1699 4577 1841 4668 basiis
1861 4602 1919 4662 ιι

521 4729 697 4837 dulatis,
727 4737 818 4825 tta.
848 4735 978 4819 Fortu.
1006 4764 1113 4820 susc.
1142 4735 1207 4817 ed.
1235 4737 1270 4817 l.
1299 4765 1339 4818 n.
1368 4746 1436 4843 78.
1471 4733 1557 4818 tob.
1593 4770 1628 4817 ι.
1645 4736 1731 4851 fig.
1759 4747 1827 4847 78.

463 4881 588 4971 Picus
613 4885 858 5005 Torquilla,
885 4888 1017 4974 Klein.
1045 4884 1184 5003 prodr.
1213 4917 1281 4972 ov.
1304 4949 1309 4962 .
1317 4918 1360 5002 p.
1390 4896 1455 4973 ru.
1483 4917 1546 5001 sp.
1583 4902 1646 4991 ¹4·
