4410 5910
1040 407 1192 497 Η
1656 476 1659 483 ·
1871 443 1957 534 ‘aa

265 622 393 743 bant,
435 640 550 724 unda
583 632 701 726 milri
738 631 1004 727 ammiane
1037 635 1190 729 larem-c
1228 640 1322 727 ¹·Na
1336 636 1443 756 qnid
1466 640 1678 738 ominum
1695 645 1771 752 sit,-
1793 663 1958 738 utcunr
2038 731 2042 737 .

262 784 658 985 quedesc'ribam.
1263 840 1265 845 η
1393 868 1398 875 .
1514 856 1518 863 -
1649 843 1652 849 ’
1946 851 1957 891 ›

402 1053 825 1145 &conflabitur
851 1073 897 1140 et
922 1074 1013 1175 tota
1040 1051 1170 1140 facies
1198 1059 1259 1147 M·
1288 1052 1499 1163 Erminei,
1542 1085 1625 1174 qua
1652 1016 1805 1176 paulo
1807 1066 1956 1176 majus.
1999 1119 2002 1124 -

263 1209 419 1293 Dentes
445 1209 644 1325 pedesque
670 1204 896 1296 armillimi.
953 1210 1078 1323 Color
1098 1205 1292 1333 corporis
1313 1238 1445 1324 snpra
1473 1212 1612 1339 analo
1632 1210 1840 1319 fuscidus,
1866 1213 1955 1298 fere

263 1381 312 1444 ut
339 1358 541 1463 Erminco
576 1358 760 1471 aestivo,-
795 1359 947 1479 patulo
963 1357 1104 1484 magis
1136 1361 1368 1487 rufescena3
1409 1361 1551 1449 ancus
1578 1328 1957 1496 longitudinaliter
2033 1394 2038 1408 ·

262 1511 398 1596 albus.
455 1513 605 1598 Gauda
633 1513 788 1616 multo,
816 1541 945 1627 quarn
970 1509 1018 1595 in
1045 1476 1285 1616 Ermineo,
1295 1511 1481 1628 longior,
1511 1510 1626 1600 haud
1648 1513 1781 1633 magia
1801 1513 1955 1632 pilosa,

261 1665 390 1750 dorso
418 1663 618 1752 concolor
643 1662 849 1781 usquein
876 1685 1113 1750 extremum
1140 1662 1319 1779 apicem.

401 1917 447 1999 N
451 1937 550 2003 oto.
614 1913 857 2033 Descriptio
884 1881 1277 2005 Cittii'Sardicae
1303 1884 1512 2005 Mustelae
1539 1903 1707 2007 ridetur
1733 1916 1836 2006 huic
1864 1946 1954 2035 spe·
2042 1967 2046 1974 -

257 2064 350 2155 ciai
377 2068 551 2157 omnino
578 2069 820 2179 convenire.
1480 2048 1483 2052 ¹

838 2357 1377 2386 Μ

604 2508 1005 2707 Genus-Vll.
1079 2496 1118 2662 P
1165 2500 1413 2666 HOC
1460 2498 1516 2664 A
1559 2496 1640 2661 n

401 2899 636 2991 Phocarum
671 2900 832 3022 species
866 2905 913 2994 in
953 2898 1122 2997 oceanis
1164 2904 1385 2998 Rossicum
1413 2889 1644 3025 Imperium
1672 2901 1952 3010 adluentibus,
2018 2898 2022 2903 ’

260 3044 396 3143 boreo
424 3061 469 3142 et
496 3059 614 3161 eolo,
644 3080 759 3143 certe
781 3060 933 3145 dantur
953 3061 1277 3166 numerosiores,
1307 3068 1433 3177 quam
1446 3068 1478 3145 'a
1498 3087 1568 3146 me
1595 3055 1833 3146 enumerari
1860 3086 1953 3172 pos-

258 3229 372 3294 sunt.
443 3199 528 3295 Sed
569 3211 721 3296 desunt
753 3213 1070 3300 exactaeoirca
1096 3214 1193 3300 illae
1219 3212 1420 3315 notitiae,
1458 3244 1514 3301 ne
1542 3213 1683 3298 dicam
1710 3205 1956 3324 descriptio·
2104 3187 2114 3207 ’

258 3390 339 3448 nes
365 3384 604 3478 accuratae;
632 3361 752 3469 nolui
780 3387 921 3471 antem
947 3365 1110 3463 incerta
1137 3368 1351 3482 adoptare.
1408 3371 1527 3479 Quae
1555 3361 1630 3448 hic
1651 3358 1848 3483 exposui,
1877 3356 1956 3441 im·

183 3495 187 3503 ⁵
260 3515 451 3630 perfecta
464 3513 653 3638 quidem,
667 3517 749 3602 aed
763 3490 953 3634 canopeia
979 3517 1130 3624 totius,
1160 3520 1230 3616 vel
1249 3515 1454 3634 partium,
1485 3517 1728 3602 confirmata
1748 3488 1954 3628 propono,

261 3689 313 3749 ut
341 3689 478 3752 certus
505 3666 587 3750 sim
613 3666 750 3751 nullas
779 3697 847 3752 me
876 3667 1119 3775 varietates,
1158 3667 1393 3786 specierum
1420 3669 1537 3771 loco,
1576 3666 1808 3781 adoptasse.
1874 3658 1956 3744 Mi-

261 3819 465 3903 rabuntur
492 3816 645 3932 aliqui,
682 3817 730 3903 in
757 3818 894 3936 prima
921 3823 1058 3907 fronte
1085 3818 1209 3935 hujus
1235 3818 1400 3935 generis
1428 3818 1658 3905 collocasse
1685 3842 1753 3900 me
1782 3803 1956 3915 animal,

259 3971 317 4055 ab
346 3969 440 4056 aliia
469 3971 524 4055 ad
551 3971 753 4069 Mustelas
769 3971 858 4069 ael
871 3971 1077 4073 Virerraa
1103 3975 1301 4076 relatum3
1329 3995 1375 4060 et
1392 4000 1493 4073 vare
1512 3968 1736 4071 transitum
1747 3966 1956 4052 illustrem

258 4121 373 4208 illud
400 4120 536 4207 efficit
563 4152 588 4205 a
614 4119 805 4206 Viverria
850 4122 1074 4279 aqupticis
1092 4127 1147 4211 ad
1174 4123 1349 4211 Phocas.
1407 4125 1491 4209 Sed
1519 4121 1738 4231 character
1760 4121 1954 4242 ἀεηοίιιηι,

260 4304 441 4392 quorum
482 4272 686 4389 primores
726 4272 836 4360 infra
875 4250 1041 4362 teritum
1081 4274 1295 4392 quaterni,
1338 4272 1441 4361 situs
1483 4297 1528 4360 et
1567 4285 1770 4357 structura
1806 4271 1955 4387 pedum

259 4424 509 4544 praesertim
535 4424 840 4541 posteriorum,
876 4430 1035 4542 caradas
1073 4430 1279 4535 brevitas,
1321 4450 1366 4514 et
1401 4430 1597 4544 depressa
1623 4425 1802 4519 forma,
1823 4447 1954 4519 nares,

259 4576 379 4665 ritae
402 4606 556 4691 genua,
584 4576 724 4693 proles
751 4610 900 4696 parum
925 4611 1164 4697 numerosa,
1194 4580 1360 4696 aliaque
1389 4611 1413 4664 a
1439 4582 1576 4665 Lutns
1603 4574 1712 4660 illud
1738 4596 1953 4698 segregare

249 4751 309 4815 et
335 4726 573 4817 Phoeamm
599 4729 745 4844 generi
768 4735 998 4849 praefigere
1025 4737 1187 4850 jubent.
1256 4735 1417 4820 Omnes
1457 4728 1573 4823 enim
1608 4720 1822 4810 Phocae
1809 4750 1856 4805 1n
1883 4715 1954 4849 hp

263 4879 546 4991 conveniunt,
574 4882 709 4983 immo
727 4881 918 5001 habitur
912 4916 1135 5006 proque
1128 4884 1268 4975 Lutria
1308 4905 1354 4970 et
1363 4879 1582 5031 cerporis
1621 4879 1755 5002 forma
1786 4840 1953 5003 Phoca-

1489 5043 1510 5087 a
