4410 5910
263 466 352 550 270
1015 460 1163 515 Β

258 663 404 752 nitalis
431 688 596 751 tumore
624 665 869 780 perplures
899 658 989 749 dies
1018 659 1276 751 cohaerente
1305 691 1402 747 cum
1427 658 1599 747 femina.
1655 664 1814 747 Matres
1851 691 1949 752 cunr

257 817 409 902 catulis
437 817 484 901 in
513 814 650 931 glacie
679 815 926 931 praesertim
955 818 1125 902 cubant.
1195 816 1469 901 Descendunt
1496 813 1625 899 rarius
1650 844 1728 931 per
1756 814 1950 932 Beringii

242 958 410 1053 'fretum
451 998 581 1083 usque
623 970 677 1053 ad
717 967 870 1052 ostium
915 965 1036 1052 fluvii
1085 969 1263 1081 Anadyr
1305 987 1350 1050 et
1389 964 1724 1081 promontorium
1766 966 1947 1081 Caraga,

254 1121 331 1204 sed
358 1120 571 1206 rarissimo
598 1122 798 1234 exemplo
827 1149 956 1231 usque
985 1121 1039 1203 ad
1068 1116 1390 1206 Camtschatcae
1417 1115 1563 1203 littora
1592 1114 1734 1202 versus
1763 1141 1951 1205 austrum

252 1274 502 1388 procedunt.
561 1276 693 1387 Supra
719 1271 1055 1385 promontorium
1082 1271 1306 1356 Americae
1330 1271 1514 1355 Alaeska
1548 1268 1711 1355 insulae
1739 1262 1951 1384 quaedam

253 1454 279 1507 a
306 1423 501 1507 Rosmari
529 1423 769 1536 frequentia
805 1426 1058 1535 Morsbewyl
1090 1421 1425 1536 cognominatae.
1496 1428 1545 1505 In
1587 1410 1747 1507 siccum
1789 1416 1951 1507 exituri

252 1574 500 1691 praesertim
530 1575 726 1660 dentibus
756 1571 932 1658 exsertis
962 1605 1111 1689 corpus
1139 1595 1409 1690 promovent,
1452 1603 1537 1686 quo
1583 1603 1669 1659 non
1710 1604 1806 1659 raro
1844 1575 1949 1659 fran-

253 1749 425 1838 guntur,
469 1727 652 1839 ideoque
696 1725 850 1840 passim
891 1723 937 1810 in
978 1726 1193 1810 littoribus
1234 1757 1258 1808 a
1294 1702 1498 1810 Rormaro
1526 1725 1803 1840 frequentatis
1830 1726 1948 1813 colli·

253 1900 419 1988 guntur.
478 1882 547 1964 Ob
576 1860 844 1962 durissimum
872 1876 1035 1961 corium
1076 1875 1208 1962 hastis
1243 1861 1509 1991 conliguntur
1544 1875 1824 1982 difficillime,
1872 1907 1949 1963 nec

251 2025 336 2111 nisi
377 2059 506 2140 quum
548 2058 697 2143 corpus
738 2026 1008 2144 protrahunt,
1055 2027 1306 2114 cubantibus
1347 2027 1422 2110 vix
1464 2028 1718 2113 vulnerabili
1758 2058 1947 2144 corpore.

255 2183 303 2260 In
334 2180 441 2263 mari
476 2212 560 2265 non
598 2180 689 2264 sine
730 2179 922 2294 periculo
960 2202 1273 2295 oppugnantur,
1310 2178 1472 2295 quippe
1512 2178 1710 2264 ferociter
1750 2180 1947 2266 dentibus

255 2328 427 2443 navigia
457 2333 716 2416 adoriuntur.
780 2331 905 2416 Coria
941 2328 1248 2416 Tschuktschis
1285 2333 1338 2416 ad
1372 2327 1570 2445 scaphas,
1612 2361 1759 2417 carnes
1804 2331 1851 2416 in
1893 2330 1947 2416 ci·

254 2480 356 2564 burn
394 2482 672 2586 adhibentur,
709 2484 783 2567 sed
820 2481 1018 2568 dicuntur
1049 2511 1141 2565 esse
1183 2484 1311 2565 durae
1339 2503 1385 2565 et
1424 2482 1751 2568 coerulescentis
1794 2484 1947 2571 coloris

253 2633 382 2747 adeps
418 2665 519 2719 vero
564 2632 841 2750 sapidissima.
913 2640 962 2717 In
999 2631 1245 2719 ventriculis
1290 2635 1486 2720 dicuntur
1523 2631 1710 2718 inveniri
1751 2635 1949 2740 limaces,

228 2764 356 2895 'quos
386 2787 510 2870 avide
553 2790 781 2872 comedunt
826 2783 1126 2870 Tschuktschi.
1197 2786 1426 2903 Praecipua
1461 2816 1519 2870 ex
1560 2785 1614 2871 iis
1652 2788 1812 2901 praeda
1855 2809 1950 2873 sunt

253 2937 392 3021 dentes
420 2938 601 3036 exserti,
627 2942 757 3023 ebore
787 2937 996 3039 duriores,
1034 2937 1147 3021 intus
1182 2937 1350 3053 punctis
1387 2936 1690 3053 subpellucidis
1730 2938 1948 3046 variolosi,

251 3114 278 3169 e
305 3087 456 3198 quibus
485 3119 613 3204 opera
640 3089 858 3174 tornatilia
886 3087 1023 3189 varia;
1053 3086 1231 3173 maximi
1253 3092 1440 3205 pondere
1463 3087 1618 3203 viginti
1638 3089 1846 3175 librarum
1869 3091 1950 3176 sin·

251 3236 355 3351 guli.
413 3240 603 3324 Medulla
630 3239 707 3324 illa
734 3239 942 3326 variolosa
970 3239 1144 3324 Rossice
1171 3243 1327 3327 staura
1356 3263 1547 3344 vocatur,
1586 3243 1661 3326 sed
1689 3249 1827 3356 major
1857 3274 1949 3360 pars

249 3387 562 3505 pulcherrimae
591 3392 814 3477 albedinis.
873 3391 999 3480 Coria
1025 3421 1102 3506 pro
1122 3389 1223 3475 loris
1244 3391 1548 3497 curriculariis,
1579 3395 1726 3478 dentes
1750 3425 1832 3510 pro
1854 3398 1951 3480 ebo

251 3569 296 3623 re
324 3546 576 3628 venduntur.
647 3543 824 3629 Coraeci
857 3574 884 3628 e
926 3543 1028 3627 loris
1067 3546 1174 3627 retia
1210 3543 1441 3629 conficiunt
1479 3545 1669 3629 balaenis
1711 3546 1951 3661 capiendis.

252 3691 313 3774 Os
342 3691 481 3807 priapi
510 3693 654 3778 Rossis
681 3727 819 3780 rasum
846 3697 935 3811 pro‘
951 3691 1146 3778 remedio
1172 3693 1408 3780 domestico
1438 3699 1491 3782 ad
1519 3697 1821 3810 stranguriam,
1864 3699 1951 3784 imo

254 3842 307 3923 ad
337 3842 678 3947 Gonorrhoeam;
716 3849 769 3930 ad
799 3846 1015 3930 acunenda
1043 3845 1130 3928 tela
1168 3844 1360 3931 Correcis
1397 3868 1441 3931 et
1475 3846 1786 3933 Tschulttschis
1822 3849 1954 3936 usita-

251 4010 364 4090 tum,
391 4024 500 4107 quae
527 3997 764 4111 periculose
794 3999 1034 4096 vulnerant,
1070 3997 1173 4082 dum
1200 3991 1367 4083 osseum
1394 4028 1571 4084 acumen
1604 3998 1652 4084 in
1680 4001 1867 4089 vulnere
1896 4007 1953 4091 fa·

250 4141 335 4228 cilo
364 4144 637 4263 diffringitur.
1879 4162 1883 4167 ⁸

387 4300 430 4380 N
435 4320 524 4383 ota
560 4336 593 4385 1.
652 4309 700 4385 In
729 4308 953 4409 Rosmaro,
985 4334 1113 4421 quem
1139 4304 1231 4390 vidi
1260 4327 1305 4388 et
1332 4311 1449 4420 cujus
1476 4304 1645 4390 iconem
1675 4306 1813 4391 addo:
1854 4310 1952 4395 dm·

250 4470 311 4535 tes
338 4450 502 4535 eburnei
531 4453 787 4559 mediocres,
817 4471 1013 4572 primores
1039 4458 1165 4561 nulli,
1203 4465 1379 4542 molares
1406 4456 1548 4542 obtusi
1575 4455 1715 4572 parvi,
1758 4457 1808 4542 in
1838 4461 1952 4546 infe·

251 4599 364 4685 riore
391 4604 569 4688 maxilla
599 4604 794 4719 utrinque
823 4633 1020 4722 quatuor,
1048 4610 1094 4693 in
1123 4608 1336 4725 superiore
1365 4630 1471 4707 tres,
1512 4639 1610 4693 cum
1637 4638 1772 4724 parvo
1799 4632 1950 4697 tamen

151 4726 158 4741 ⁰
248 4749 294 4834 in
324 4751 495 4837 sinistro
524 4754 658 4840 latere
687 4759 932 4844 accessorio.
988 4763 1116 4845 Pedes
1143 4763 1313 4860 breves,
1349 4789 1496 4843 omnes
1524 4760 1845 4874 pentadactyli,
1884 4762 1948 4847 di·

252 4901 352 5015 gitis
381 4932 500 4991 cono
525 4910 740 5021 connatis,
774 4922 904 5001 antici
928 4908 1093 5000 extimo
1115 4913 1230 5015 ‚lobo
1265 4910 1478 5028 longiore,
1511 4921 1663 5028 postici
1696 4932 1815 5001 retro
1849 4943 1948 5031 pro·
