4410 5910
265 436 389 538 486'
1039 464 1188 521 m
1241 420 1278 449 '⁸

266 664 316 742 In
345 659 495 744 Russia
522 680 756 775 temperata
784 688 877 746 raro
904 658 1092 746 interdiu
1120 633 1344 747 exauditur
1376 655 1598 744 Lusciniae
1639 679 1808 755 cantus,
1846 658 1957 743 nude

265 806 376 894 hanc
404 808 592 924 speciem
620 809 735 895 haud
762 812 978 927 vulgarem
1005 811 1070 897 ibi
1098 840 1187 897 esse
1214 810 1386 925 colligo.
1455 813 1541 896 Sed
1581 809 1627 895 in
1667 812 1850 898 Tauriae
1890 841 1958 896 ne·

263 958 450 1045 moribus
479 985 522 1046 et
551 960 684 1046 hortis
718 960 825 1048 haec
853 965 942 1048 sola
970 961 1180 1050 melodico
1208 962 1395 1047 animum
1437 983 1618 1061 recreat,
1659 961 1765 1047 licet
1805 962 1959 1049 nobili·

266 1131 353 1194 tate
379 1134 527 1200 cantus
556 1115 771 1227 paululum
800 1118 926 1199 cedat
954 1114 1141 1231 reliquis.
1208 1113 1384 1202 Femina
1411 1115 1635 1215 incubans,
1676 1112 1959 1200 mansuetissi-

263 1289 347 1346 ma.
404 1265 498 1351 Ova
526 1296 581 1352 ex
611 1264 1064 1352 albo-viridescentis.

397 1474 574 1557 Descr.
631 1476 879 1585 Magnitudo
906 1474 1213 1590 praecedentis.
1286 1481 1424 1561 Rostri
1457 1451 1632 1558 marsilia
1661 1471 1852 1589 superior
1880 1474 1957 1556 fus·

262 1651 332 1722 ca,
362 1619 497 1706 infera
526 1623 729 1724 albidior3
760 1626 902 1739 anguli
931 1626 1017 1712 oris
1045 1625 1282 1731 flavissimi,
1328 1649 1374 1710 ut
1412 1649 1457 1710 et
1492 1657 1540 1710 os
1574 1630 1687 1711 intus
1728 1647 1774 1709 et
1814 1628 1955 1736 lingna

261 1774 406 1889 plana,
437 1774 558 1888 apice
587 1775 730 1859 bifida.
790 1779 870 1863 Pili
898 1775 1049 1862 tenelli
1076 1777 1187 1862 circa
1216 1809 1277 1864 os.
1333 1782 1463 1865 lrides
1490 1780 1643 1862 fuscae.
1701 1777 1866 1891 Corpus
1893 1805 1953 1859 su·

260 1955 336 2038 pro
363 1946 521 2023 toturn,
556 1955 654 2010 cum
684 1927 781 2029 alis,
825 1917 1012 2024 fuivum,
1036 1929 1129 2048 ‘'rel
1173 1929 1597 2044 grymo-cinereum.
1668 1932 1862 2039 Remiges
1896 1961 1951 2032 ¹7·

258 2076 419 2178 fuscae,
450 2076 660 2161 exteriore
690 2077 878 2192 margine
907 2083 1367 2192 gryseo·rufescentes.
1424 2081 1574 2166 Subtus
1603 2076 1766 2179 albida,
1813 2077 1952 2187 jugulo

258 2224 561 2312 cinerescente.
620 2232 705 2314 Sub
734 2231 811 2315 alis
839 2234 1007 2348 plumae
1036 2232 1200 2325 fuscae,
1242 2230 1649 2343 albo-marginatae,
1692 2228 1813 2342 quasi
1839 2259 1950 2340 squa-

258 2397 411 2460 matae.
485 2378 608 2464 Circa
642 2415 780 2495 genua
820 2384 988 2498 plumae
1026 2382 1476 2469 cinereo-nebulosae.
1548 2381 1698 2465 Coudo
1725 2379 1866 2464 obiter
1892 2407 1948 2460 ro·

258 2526 458 2625 tundata,
499 2532 731 2637 rufescens‚
777 2534 930 2620 mediis
971 2533 1121 2650 pennis
1164 2533 1506 2623 luscescentibus.
1574 2532 1704 2618 Pedes
1746 2526 1946 2624 corneoli3

258 2677 422 2765 tibialia
449 2679 633 2797 integrm
670 2697 817 2797 unguis
842 2686 1028 2800 posticus
1056 2689 1318 2798 majusculus.

560 2943 686 3010 122.
788 2916 1370 3011 MOTACILLA
1442 2914 1651 3010 Aedon.

392 3087 454 3165 Μ.
483 3112 606 3196 supra
634 3086 772 3189 furva,
801 3087 945 3169 subtus
973 3082 1144 3183 albida,
1185 3106 1357 3199 pectore
1385 3082 1577 3169 obsoleto
1604 3099 1833 3195 punctato,
1861 3104 1944 3163 cau·

208 3302 211 3307 ,
255 3231 310 3318 da
334 3233 662 3318 subruiescente.
1471 3302 1477 3311 .

473 3389 624 3470 Grosse
652 3383 904 3500 Nachtigal,
933 3389 1155 3501 Schwenkf,
1183 3392 1292 3472 siles.
1320 3419 1362 3504 p.
1392 3399 1486 3494 296,

473 3537 765 3657 Sprossvogel,
802 3540 957 3622 Friscln
987 3569 1053 3622 av.
1082 3538 1168 3621 tob.
1199 3571 1265 3620 or.

472 3691 531 3768 Le
559 3689 690 3798 grand
718 3686 962 3799 Rossignol,
1007 3693 1186 3773 Brisson.
1222 3693 1369 3774 omitia.
1396 3691 1474 3773 ΙΙΙ.
1515 3717 1613 3802 pag.
1641 3702 1739 3789 too.
1783 3685 1937 3794 Buffon.

533 3869 619 3922 orn.
651 3841 701 3921 V.
732 3872 773 3952 p.
809 3842 1311 3926 113.Larhom.ov.1V.
1347 3873 1388 3954 p.
1419 3856 1513 3942 411.
1543 3845 1687 3921 variet.
1718 3839 1774 3921 A.

388 3992 507 4073 Hanc
535 4019 701 4101 quoque
730 3986 974 4075 distinctam
1010 3986 1217 4104 speciem,
1260 4019 1358 4076 cum
1399 3990 1558 4073 duabus
1596 3989 1939 4102 praecedentibus

253 4140 534 4225 confuderunt
561 4161 764 4223 auctores.
833 4138 1133 4255 Ornithophili
1168 4139 1387 4247 Germani,
1430 4140 1507 4226 sub
1545 4136 1720 4224 nomine
1760 4141 1940 4254 Sprosrer

251 4289 435 4403 (naevii)
463 4292 596 4404 probe
625 4289 889 4403 distinguunt
916 4311 959 4374 et
985 4315 1159 4407 propter
1184 4293 1399 4378 raritatem
1427 4319 1559 4404 seque
1589 4319 1639 4373 ac
1661 4311 1836 4375 cautum
1861 4317 1938 4404 gre

252 4472 376 4544 vem,
406 4472 625 4545 sonomm,
654 4441 952 4555 glocitantem,
992 4441 1370 4561 subintersuptum,
1412 4472 1510 4529 earo
1538 4439 1708 4525 emitur.
1766 4447 1818 4527 In
1845 4447 1936 4527 uos

247 4591 336 4679 siae
365 4593 440 4677 rix
467 4593 550 4678 nisi
578 4593 763 4679 maxime
794 4591 1143 4683 meridionalibus
1169 4594 1365 4683 occurrit.
1434 4592 1597 4679 Audivi
1636 4614 1811 4680 cantum
1845 4599 1937 4703 ejus,

249 4744 387 4833 facile.
402 4745 757 4861 dignoscendum,
786 4744 832 4832 in
862 4746 1108 4834 australibus
1138 4751 1191 4834 ad
1214 4749 1409 4862 Volgum.
1464 4745 1569 4831 Vidi
1599 4773 1815 4859 quoquee
1841 4744 1934 4832 Ceu·

80 4978 83 4984 ,
248 4921 346 5003 caso
371 4918 421 4991 et
445 4925 470 4986 e
504 4897 645 4987 Persia
674 4896 800 5027 missa
827 4896 1075 5019 specimine.
1131 4909 1183 4992 lu
1200 4897 1425 4990 Germanis
1446 4898 1664 5016 quondam
1690 4894 1782 4985 alui
1805 4915 1920 5011 steps
