4410 5910
250 447 311 531 92
563 496 566 505 ι
1014 433 1168 493 ²-

364 642 523 737 Curitis
553 643 787 733 Tanarum
812 640 884 731 vei
910 638 1037 727 Dalm
1051 638 1212 727 -drma
1238 636 1292 747 (i.
1319 664 1361 721 e.
1391 639 1489 719 Mus
1520 630 1706 748 longus).

365 829 616 949 Georgianis
643 830 844 917 Karkumi
872 823 966 939 (ubi
992 846 1137 914 tamen
1164 821 1323 911 anima]
1351 823 1498 908 deesse
1525 819 1805 935 Geldeust.)

390 1041 497 1126 Visu
525 1037 905 1156 elegantissimum,
932 1038 1011 1122 sed
1033 1038 1166 1121 odore
1195 1035 1367 1125 foedum
1394 1029 1479 1119 hoc
1506 1028 1810 1119 animalculum
1837 1036 1954 1125 vide

255 1216 323 1282 tur
350 1226 428 1312 per
455 1199 665 1309 Europam
696 1223 780 1279 non
807 1192 957 1295 modo,
987 1191 1061 1275 sed
1088 1217 1166 1305 per
1194 1217 1365 1275 omnem
1391 1180 1561 1288 Asiam,
1597 1187 1651 1272 ab
1679 1209 1824 1274 arctoo
1852 1189 1955 1281 inde

256 1352 431 1437 Oceano
457 1346 672 1461 usquead
702 1347 849 1444 Indos,
889 1339 1078 1459 speciem
1117 1370 1383 1458 propagasse.
1453 1346 1596 1455 Ipsum
1633 1340 1754 1428 enim
1791 1346 1955 1439 sebae

258 1498 493 1619 specimen,
523 1527 579 1582 ex
608 1496 729 1581 India
758 1497 968 1599 adlatum,
1005 1492 1098 1580 vidi
1125 1495 1339 1609 quondam
1367 1477 1702 1580 Amstelaedami
1729 1492 1775 1582 in
1804 1505 1955 1593 Museo

257 1653 385 1739 amici
420 1650 665 1736 mercatoris
702 1652 754 1735 C.
782 1651 829 1733 P.
858 1651 1035 1761 Meyer
1072 1670 1118 1732 et
1154 1678 1241 1733 nou
1269 1645 1392 1764 potui
1427 1662 1527 1733 non'
1543 1677 1624 1762 pro
1647 1649 1855 1740 vmietate
1883 1662 1954 1744 Er·

258 1804 391 1891 minei
418 1833 642 1917 agnoscere
673 1809 747 1913 (*).
788 1807 890 1886 Non
916 1801 1056 1886 solum
1097 1823 1238 1884 autem
1279 1800 1325 1884 in
1367 1795 1710 1888 Camtschatcam
1749 1813 1956 1925 processit

256 1955 363 2044 haec
402 1953 587 2071 species,
630 1953 864 2038 sedetiam
898 1952 944 2038 in
972 1951 1216 2038 Americam
1257 1949 1562 2058 transfretavit,
1604 1954 1826 2074 pellesque
1865 1973 1955 2081 ejus

255 2109 367 2196 mihi
390 2137 450 2193 ex
477 2105 616 2193 insula
641 2107 808 2191 Kadioit
833 2103 977 2191 vicina
1004 2104 1299 2190 Pmmontorio
1325 2102 1552 2190 Americae
1580 2098 1784 2213 nmio,
1820 2108 1954 2209 immo

254 2293 312 2348 ex
340 2260 432 2377 ipsa
460 2257 661 2344 Amerina
691 2256 857 2344 adlatae
886 2280 1005 2363 sunt,
1047 2258 1153 2349 licet
1179 2256 1226 2342 in
1254 2256 1465 2344 Aleuticis
1505 2279 1553 2342 et
1579 2261 1779 2378 vulpinis
1807 2266 1956 2361 insulis

256 2411 525 2535 propioribus
552 2409 686 2516 desit,
728 2433 778 2499 ut
803 2441 880 2530 per
908 2411 1099 2528 Beriugii
1135 2414 1290 2502 fretum
1317 2409 1364 2494 in
1392 2409 1639 2501 Anaeticam
1663 2417 1881 2509 transiisse
1908 2424 1955 2514 in

255 2565 481 2685 propatulo
531 2563 600 2650 sit.
676 2571 833 2651 Earum
879 2562 992 2650 inter
1040 2563 1261 2650 Americes
1301 2560 1502 2647 animalia
1543 2595 1712 2690 quoqne
1757 2575 1957 2664 meminit

259 2723 582 2807 chartevoiae
611 2721 705 2804 bist.
731 2718 784 2804 de
810 2725 857 2805 la
881 2749 1004 2804 nonu·
1031 2721 1188 2804 Franco
1225 2723 1307 2801 vol.
1336 2719 1415 2798 III.
1458 2748 1500 2832 p.
1536 2712 1637 2823 ¹34:
1694 2724 1864 2843 Statura
1891 2728 1954 2818 ibi

256 2873 385 2990 paulo
412 2871 576 2957 minore
612 2892 721 2956 sunt.
788 2867 862 2956 Sic
895 2870 1015 2957 etin
1043 2867 1254 2956 Dauuriae
1284 2865 1542 2978 densissimis
1571 2866 1702 2995 sylvis
1729 2858 1954 2972 occurram

259 3023 516 3141 spithamam
541 3022 618 3109 vix
645 3026 915 3111 excedentes.
986 3026 1144 3112 Contra
1180 3020 1229 3108 in
1266 3018 1429 3137 campis
1470 3023 1647 3110 Rossiae
1678 3046 1731 3114 'et
1744 3024 1749 3031 ⁴
1764 3031 1954 3124 'Sibiriae

258 3176 492 3283 citerioris,
519 3179 576 3267 ad
604 3178 748 3266 otum
772 3207 927 3292 utque,
969 3179 1245 3290 majusculae,
1286 3197 1453 3293 septem
1490 3172 1562 3267 vel
1597 3196 1698 3271 octo
1734 3183 1953 3277 unciarum

258 3334 468 3447 pondera,
496 3328 740 3419 S'meusium
765 3329 1070 3419 mercatoribus
1097 3329 1347 3448 praesertim
1372 3344 1595 3447 acceptae,
1623 3354 1670 3424 st
1688 3337 1956 3457 adloayraa

258 3486 301 3583 u
329 3484 543 3573 maximae
569 3474 842 3600 generantur,
868 3506 917 3573 ut
942 3506 989 3573 et
1014 3515 1123 3600 quae
1150 3516 1227 3604 per
1248 3479 1638 3577 Tochuktacbicam
1665 3497 1852 3604 'gentem
1877 3525 1954 3584 ex·

260 3635 496 3755 aquilonari
523 3659 642 3753 parte
670 3634 896 3721 Americae
925 3639 1180 3722 adfenmtur.
1237 3640 1280 3722 V
1276 3645 1385 3723 arias
1410 3635 1544 3728 εῆοω
1584 3637 1747 3732 aettito
1787 3647 1955 3775 colores

258 3787 309 3873 in
337 3787 652 3877 australioribus
677 3811 723 3874 et
746 3789 992 3907 temperatis
1019 3820 1046 3876 e
1073 3794 1196 3883 furvo
1224 3787 1358 3907 magis
1385 3792 1666 3929 rufesoentes,
1702 3792 1748 3881 in
1775 3798 1955 3890 boreali·

331 4076 391 4171 (ἢ
417 4080 608 4170 specimen
630 4076 725 4149 illud
750 4100 834 4151 oum
855 4084 1028 4154 Emineo
1052 4091 1141 4154 tunc
1166 4080 1329 4170 contuli,
1368 4086 1410 4153 et
1444 4078 1586 4155 ¹formae
1630 4083 1772 4157 millam
1805 4097 1954 4165 omniuo

407 4201 661 4273 diversitatem
684 4200 921 4295 deprehendi.
972 4198 1091 4278 Colore
1112 4206 1231 4277 diiute
1252 4202 1499 4296 rufo,=paalo
1516 4204 1564 4276 ab
1586 4213 1737 4279 aestivis
1760 4221 1953 4307 europaeis

408 4323 556 4392 diverso
593 4334 697 4414 erat,
735 4327 863 4397 subtus
888 4331 1034 4417 album,
1072 4338 1114 4400 ut
1145 4339 1186 4398 et
1211 4328 1325 4419 pedes
1351 4335 1503 4399 interius
1525 4337 1568 4401 et
1593 4331 1795 4421 digitum
1818 4342 1953 4428 apices.

413 4440 522 4513 Aram
545 4447 734 4517 obsoletus
759 4449 863 4517 albus
889 4455 985 4520 inter
1009 4452 1136 4521 oculos
1169 4459 1411 4521 mutuatus.
1463 4446 1596 4523 Caudae
1628 4473 1725 4546 apex
1756 4477 1780 4525 e
1802 4456 1955 4553 ferrugi-

408 4578 609 4643 neo-ater.
646 4574 801 4662 Majores
826 4580 1008 4642 nostrates
1032 4575 1227 4663 aequabat.
1280 4570 1485 4664 Μυκη
1509 4574 1535 4646 1.
1557 4592 1589 4645 s.
1606 4576 1771 4668 prodidit
1791 4583 1830 4649 iu
1853 4603 1954 4653 mon·

408 4689 507 4758 tibus
532 4690 732 4761 insularum
756 4698 848 4767 isra
875 4702 915 4764 et
940 4699 1082 4767 Borneo
1114 4697 1304 4788 vulgarem
1337 4718 1439 4783 esse3
1477 4704 1636 4775 dentati
1673 4701 1721 4777 ad
1757 4704 1953 4795 capiendos

412 4811 522 4900 glires
545 4820 588 4882 et
612 4820 854 4903 pugnaturam
879 4838 965 4888 cum
989 4817 1220 4910 serpentibus
1243 4841 1378 4914 corpus
1411 4822 1552 4895 iuilare.
1603 4827 1739 4894 Forsan
1762 4828 1955 4898 Vitem

410 4936 545 5026 Mungo
568 4935 700 5009 volut.
1766 4984 1770 4989 ·
