4410 5910
1013 320 1168 406 m.
1839 278 1935 433 sot

327 573 337 612 ·.
359 524 484 612 Plura
509 517 662 609 horum
688 518 909 609 nominum
934 519 1078 609 etiam·
1093 519 1327 626 Motacillis
1354 517 1474 608 flavis
1501 522 1756 609 communia.

360 681 440 760 Per
467 675 705 761 universam
732 673 925 767 Rossiam
952 696 997 759 et
1024 672 1246 793 Sibiriam,
1275 696 1323 800 ut
1350 672 1396 757 in
1418 679 1583 790 Europa
1608 674 1748 778 omni,
1778 672 1938 790 ubique

201 818 204 823 ’
249 848 351 941 nota
379 849 424 910 et
451 827 634 940 vulgaris
664 826 778 931 avis,
815 856 902 911 non
931 823 1068 910 omnis
1094 824 1142 909 in
1171 824 1346 910 arcticos
1372 846 1501 909 terras
1529 824 1737 940 migrans,
1781 826 1938 942 necin

249 947 416 1092 lrigidis
446 978 694 1092 alpestvibus
721 975 961 1061 subsistens.
1019 975 1362 1092 Copiosissimam
1382 976 1657 1071 observabam
1678 973 1938 1083 inDauuria,

250 1129 324 1213 ubi
352 1151 497 1216 contra
537 1133 598 1215 Μ.
628 1133 837 1238 flavente·
852 1126 982 1236 rarior
1008 1126 1204 1214 occurrit.
1274 1132 1323 1210 In
1353 1126 1594 1211 australiore
1623 1123 1780 1213 Sibiria
1805 1155 1939 1242 aeque

247 1302 298 1403 et
324 1278 472 1364 Rossia
500 1277 670 1363 mitiore
699 1277 854 1391 hyeme
882 1303 1005 1393 saepe
1045 1283 1132 1390 jam
1169 1281 1248 1390 sub
1290 1279 1417 1361 finem
1455 1276 1674 1364 Februarii
1715 1279 1852 1378 redit;
1895 1300 1938 1362 at

249 1428 438 1516 lacutiae
474 1414 700 1514 adventare
728 1431 804 1514 sub
832 1432 959 1538 finem
985 1427 1148 1536 Aprilis
1177 1430 1349 1511 demum
1376 1429 1632 1528 observatur.
1689 1433 1739 1510 In
1759 1427 1939 1513 boreali·

250 1582 328 1664 bus
357 1583 410 1664 ad
438 1583 479 1664 fl.
509 1586 699 1693 Kovyma
727 1579 865 1664 adhuc
894 1579 1078 1674 tardius,
1123 1603 1357 1690 europaeae
1385 1575 1616 1664 simillima.
1690 1576 1940 1666 Camtscha·

251 1731 341 1844 dall
369 1734 595 1817 adventum
620 1728 742 1841 hujus
765 1729 959 1839 aviculae
987 1729 1112 1814 avide
1139 1749 1386 1855 exspectant
1420 1750 1464 1811 et
1487 1727 1588 1814 inde
1607 1760 1764 1845 novum
1784 1760 1940 1814 annum

252 1883 464 1965 vernalem
492 1877 716 1967 inchoant.
759 1883 939 1967 credunt
980 1902 1122 1964 autem
1161 1877 1281 1964 illam
1323 1875 1571 2011 hyemem
1559 1911 1605 1966 ιιι
1644 1878 1941 1997 Carntschatca

252 2023 518 2120 subterranea
547 2060 619 2115 seu
661 2034 773 2144 apud
818 2031 1038 2146 antipodas
1083 2028 1372 2144 transigere,
1379 2028 1454 2113 ubi
1493 2032 1672 2115 alternas
1711 2062 1809 2116 curn
1854 2027 1939 2113 suis

253 2203 430 2265 aestates
459 2184 657 2264 statuunt.
730 2181 1033 2279 concrematae
1074 2178 1165 2267 avis
1206 2177 1369 2264 cineres
1413 2163 1523 2294 apud
1558 2140 1729 2301 plebem
1758 2180 1939 2265 Sibiriae

254 2334 308 2417 ad
335 2329 580 2416 drachmam
608 2329 822 2448 propinati
850 2333 1198 2418 commendantur
1224 2313 1371 2450 contra
1411 2328 1721 2419 calculum-
1757 2339 1939 2418 Insecta-

252 2459 320 2567 ιιι
346 2480 614 2597 potissimum
640 2481 893 2568 vermiculos
925 2481 1166 2596 aquaticos..
1255 2489 1262 2501 ’

256 2738 261 2747 ‚
360 2635 405 2717 N
411 2653 511 2718 oto
567 2635 610 2718 V
607 2643 716 2718 anat
742 2633 858 2719 collo
889 2654 981 2719 toto
1009 2632 1157 2747 nigro,
1208 2634 1279 2719 vel
1317 2635 1483 2749 cervice
1521 2593 1709 2759 tantum3
1749 2643 1942 2751 hequen·

251 2783 336 2872 tius
364 2781 510 2870 cervix
543 2780 743 2868 inferiore
764 2807 902 2900 parte
943 2780 1178 2870 cinerascit.
1248 2789 1299 2868 In
1340 2782 1564 2872 maritimis
1604 2780 1942 2889 ῦιιιιιιιιιιιιιι,1

250 2931 500 3054 praesertim
527 2932 853 3048 promontoriis,
880 2954 926 3018 ev
951 2930 1100 3017 insulis
1129 2932 1312 3038 Cutilia,
1356 2957 1550 3020 constans
1577 2941 1820 3023 observatur
1847 2941 1889 3020 V
1893 2968 1939 3023 a·

251 3096 438 3184 rictas,
462 3112 612 3198 quam
621 3113 646 3166 e
674 3082 811 3201 missis
841 3086 893 3168 ab
927 3092 1062 3169 Amic.
1088 3087 1341 3196 Billings
1349 3082 1514 3168 exuviis
1542 3087 1801 3173 describam.
1829 3090 1939 3172 Dor-

253 3269 344 3324 sum
369 3232 439 3321 illi
463 3256 625 3336 totum,
668 3263 765 3319 cum
804 3232 972 3320 cervice
1000 3256 1046 3320 et
1071 3255 1192 3349 parts
1218 3234 1391 3320 verticis
1419 3258 1589 3329 atrurn,
1624 3233 1938 3349 subchalybea-

252 3411 372 3501 tum,
401 3407 448 3469 ut
474 3405 519 3469 et
546 3391 699 3470 collum
720 3414 822 3497 curu
847 3386 1005 3497 jugulo.
1029 3385 1597 3495 ·3Faciesalbaultra¹ooulos
1609 3449 1623 3492 ,
1648 3391 1791 3499 fascio
1807 3386 1939 3479 utrin-

253 3568 336 3653 que
365 3538 460 3623 alba
486 3538 718 3622 secundum
746 3536 906 3650 collum
933 3533 1190 3624 continuata.
1265 3539 1457 3647 Fasciola
1492 3566 1605 3652 pone
1633 3539 1778 3624 oculos
1799 3538 1939 3651 longi-

254 3660 456 3805 tudinalis
483 3687 603 3802 nigra
628 3658 874 3798 'albedinem
899 3684 1072 3773 dividis
1134 3688 1353 3799 Rectrices
1375 3687 1576 3804 ⁴utrinque
1605 3722 1645 3774 a.
1673 3689 1821 3791 albae,
1863 3718 1939 3775 ex·

252 3837 361 3947 tima
385 3837 611 3949 interiore,
632 3836 846 3952 ¹protritus
871 3859 1050 3953 utroque
1077 3837 1265 3953 margine
1293 3838 1426 3951 nigra.
1493 3841 1684 3951 llerrriges
1710 3837 1938 3953 pleraeque

253 4017 350 4103 cum
378 3986 624 4073 rectricibus
651 3956 794 4095 albae,
832 3990 908 4101 sed
935 3986 1206 4099 extremitato
1231 3987 1481 4102 nigricante.
1551 3989 1694 4101 (Conf.
1720 3990 1939 4129 batham

254 4169 322 4255 ρν.
350 4141 406 4222 Π.
435 4159 542 4252 port.
572 4171 611 4221 a
598 4171 681 4253 .p.
710 4152 804 4225 236.
839 4136 1026 4224 collared
1055 4136 1269 4252 Wagtail,
1311 4139 1533 4254 variety).
1577 4139 1662 4224 Vel
1691 4172 1717 4224 a
1743 4140 1840 4225 loco
1868 4171 1939 4224 na·

255 4286 333 4372 tali
360 4309 458 4373 nata
489 4287 696 4392 varietas,
737 4289 808 4372 vol
834 4262 1033 4374 distincta
1060 4291 1168 4374 forte
1195 4287 1441 4402 specien-
1390 4296 1522 4377 -In
1547 4291 1698 4406 Belgio
1725 4297 1938 4407 quondam

256 4438 340 4528 visi
366 4439 611 4541 Motacillae
638 4435 764 4556 hujus
789 4437 1039 4575 varietatem
1064 4459 1216 4525 totam
1213 4439 1511 4550 candidan.

602 4632 859 4671 ·¹··.·
964 4602 1567 4669 -u—-z'lvssv
