4410 5910
261 425 347 518 318
1020 429 1167 479 Ξ

258 637 373 722 enim
402 637 553 722 dubito
579 657 765 720 nostram
805 631 852 716 in
890 628 1045 718 Suesia
1085 627 1198 726 dari,
1238 656 1334 712 cum
1374 624 1503 710 etiam
1542 622 1656 711 circa
1696 619 1942 743 Petropolin

256 789 492 874 nonabsit.

531 971 592 1081 Ι7.
680 942 786 1034 ST
813 946 855 1035 R
885 942 920 1034 Y
945 942 990 1033 X
1078 939 1325 1031 barbata.
1402 938 1543 1029 TAB.
1589 941 1652 1031 II.

389 1095 435 1174 S.
464 1089 622 1173 inauris
650 1091 945 1173 submacroura
971 1084 1162 1181 cinerea,
1204 1103 1339 1166 rostro
1374 1080 1635 1197 iridibusque
1663 1077 1806 1184 flavis,
1848 1076 1943 1193 gula

254 1240 508 1353 circulisque
537 1241 655 1343 atris,
684 1239 845 1353 remige
873 1237 1007 1352 sesqui
1039 1237 1169 1320 altera
1196 1256 1364 1317 serrata.

366 1390 509 1476 Rossis
537 1393 791 1509 Kamennajb
816 1394 950 1476 Sana.
1006 1385 1163 1473 lacutis
1204 1387 1378 1469 ctattn
1413 1406 1462 1469 et
1499 1385 1785 1500 Malttscbirg'a
1825 1379 1877 1492 (i.
1904 1408 1942 1465 e.

423 1545 627 1649 Sublata.)
682 1539 1019 1630 Camtschadalis
1045 1542 1276 1651 Kykaitscb
1306 1537 1444 1650 (quasi
1472 1536 1664 1649 histrio),
1685 1540 1749 1625 ob
1775 1532 1944 1621 motitu-

421 1692 558 1777 tiones
585 1694 714 1778 miras
742 1692 915 1808 capitis3
944 1690 1051 1775 item
1077 1694 1250 1775 Aatscb.

396 1851 444 1926 In
473 1844 655 1930 Sibiriae
677 1841 965 1930 orientalioris
993 1841 1172 1955 sylvosis
1212 1837 1389 1954 alpinis,
1430 1840 1543 1925 inter
1579 1840 1791 1957 rupestria
1831 1870 1944 1931 monz

254 1994 365 2078 tium
392 1998 541 2079 rudera
569 1995 699 2080 rarius
726 1992 838 2079 mihi
865 1995 1111 2079 occurrebat
1137 1989 1382 2106 praesertim
1411 1991 1523 2077 eirca
1544 1993 1767 2079 Jeniseam.
1824 1995 1944 2079 Stel·

256 2151 364 2230 ¹lero
393 2146 634 2259 frequenter
662 2150 714 2231 ad
750 2153 907 2229 Lenaru
948 2144 1102 2258 inque,
1122 2139 1416 2229 Camtsohatoa
1450 2147 1688 2229 observata.
1756 2150 1944 2230 Vanam

256 2324 395 2379 mures
423 2294 702 2410 brachyu-ros,
743 2298 895 2411 quibus
923 2293 1080 2409 hyeme
1107 2295 1306 2379 refertum
1332 2294 1628 2381 Ventriculum
1656 2293 1821 2381 inveni.
1877 2298 1969 2393 Se,

258 2447 361 2528 dens
390 2469 516 2560 caput
544 2446 649 2531 mire
679 2451 904 2562 detorquet
926 2444 1043 2530 etin
1069 2448 1214 2530 orbem
1236 2466 1376 2559 gyrat,
1406 2444 1765 2561 circumspiciens.
1822 2452 1865 2533 A
1883 2452 1942 2531 Ja-

256 2594 365 2679 cutis
392 2596 628 2683 comeditur
653 2622 698 2683 et
726 2597 831 2684 mire
860 2596 1017 2682 lasciva
1045 2596 1220 2699 dicitur,
1247 2619 1296 2680 ut
1321 2595 1368 2681 in
1394 2595 1666 2713 proverbium
1692 2596 1864 2683 abierit.

393 2749 570 2833 Descr.
622 2750 910 2864 Magnitudine
938 2747 1139 2833 inauritas
1161 2778 1328 2848 omnes,
1354 2771 1521 2864 praeter
1551 2754 1592 2835 S.
1611 2771 1833 2862 nycteam,
1860 2747 1969 2849 vim,

255 2894 340 2999 cit,
378 2897 523 3012 eapite
567 2900 879 3014 plumosissimo
907 2903 1127 2984 Bubonem
1156 2922 1322 3014 aequat.
1391 2902 1551 2988 Habitu
1591 2902 1830 2987 aemulatur
1867 2903 1944 2985 Str.

257 3047 506 3133 uralensem.
561 3053 754 3137 Rostrum
779 3081 967 3154 cereum,
1016 3050 1193 3135 maxilla
1220 3049 1420 3136 inferiore
1446 3051 1643 3166 utrinque
1670 3050 1937 3167 emarginata

254 3202 419 3313 Litrgua
440 3202 795 3316 subemarginata.
864 3207 994 3291 Irides
1033 3203 1298 3289 flavissimae.
1353 3206 1486 3290 Nares
1512 3204 1747 3317 oblongae,
1779 3200 1945 3315 conclu¹

254 3349 522 3455 lamellaoea,
551 3352 747 3440 interiori
775 3354 956 3469 margini
984 3356 1156 3458 adnata,
1192 3354 1534 3441 subbiloculares.
1600 3358 1731 3473 Pepla
1760 3356 1956 3471 manime¹

254 3499 444 3599 cinerea,
482 3502 656 3590 circulis
681 3506 966 3593 concentricis
993 3506 1139 3606 fuscis3
1167 3513 1311 3592 lanula
1335 3529 1436 3592 ante
1464 3509 1656 3607 oculum,
1696 3507 1852 3595 circuli
1875 3534 1958 3623 por.

253 3653 325 3764 pla
354 3653 610 3758 ambientes,
638 3655 768 3771 inque
796 3688 935 3744 aream
962 3659 1083 3771 gulae
1110 3682 1242 3741 atram
1265 3671 1469 3743 coeuntes
1497 3656 1628 3771 nigri3
1676 3691 1776 3745 area
1804 3662 1955 3775 limata..⁸

254 3805 556 3915 supraocularis
582 3805 692 3892 alba.
747 3810 975 3925 Palpebrae
1001 3811 1240 3925 plumosae,
1286 3807 1474 3923 margine
1501 3810 1616 3894 nudo
1645 3831 1751 3921 atro.
1807 3808 1953 3928 Βιιιῦιη

255 3954 332 4039 sub
359 3976 494 4040 rostro
521 3956 758 4070 plumarum
787 3959 982 4045 mollium
1011 3983 1120 4063 atra,
1157 3960 1203 4044 in
1231 3990 1356 4074 quam
1383 3974 1539 4047 coeunt
1565 3968 1710 4047 circuli
1736 3952 1947 4079 plumacei·

253 4134 373 4191 aures
399 4130 445 4192 et
470 4108 599 4223 pepla
627 4108 883 4214 ambientes,
915 4113 1013 4197 albo
1031 4110 1237 4226 nigroque
1259 4109 1380 4197 varii.
1435 4116 1570 4198 Aures
1592 4110 1825 4216 maximae,
1852 4108 1929 4227 pla:

251 4256 331 4340 mis
354 4256 514 4361 densis,
544 4255 733 4365 inflexis,
763 4260 1135 4377 fuligineo·nigris
1157 4261 1353 4379 stipatae.
1408 4265 1604 4352 eucratas
1625 4261 1925 4359 tumidissimus.

250 4436 348 4493 cum
378 4413 503 4495 dorso
529 4411 773 4528 alarumque
799 4413 891 4499 basi
916 4412 1205 4499 cinerescente
1232 4444 1380 4517 carme,
1417 4416 1535 4500 fusco
1564 4414 1791 4501 undulatos
1817 4432 1923 4525 atquo

256 4556 470 4656 lituratus,
498 4581 545 4643 ut
570 4561 616 4645 in
643 4566 851 4683 Alucone.
907 4572 1015 4650 Alae
1043 4575 1205 4677 spamae
1232 4564 1435 4651 exteriori
1455 4563 1645 4679 margine
1666 4564 1922 4683 pennuluu!

249 4694 415 4791 niveae.
470 4711 623 4798 sabaa
648 4715 821 4829 plumae
850 4714 1101 4812 albidiores,
1129 4715 1274 4813 laxae,
1310 4715 1448 4801 lituris
1475 4717 1640 4831 magnis
1668 4715 1813 4818 fuscis,
1849 4710 1918 4797 lov
1988 4734 1994 4891 q

251 4856 574 4969 gitudrnalibus3
602 4866 677 4951 sed
703 4868 783 4952 rub
812 4865 911 4973 alis,
941 4866 989 4952 in
1013 4863 1367 4983 hypochondrio,
1394 4867 1545 4975 crisso,
1587 4868 1784 4987 ausaque
1806 4860 1914 4983 ped!
1989 4904 1994 4991 q
