4410 5910
249 429 343 525 40?
1023 426 1172 493 ===

252 658 367 714 seam
395 650 440 714 et
466 632 626 712 Lenem
654 624 825 742 copiose
852 623 1048 711 occurrit.
1106 622 1353 739 Describum
1370 618 1482 735 phio,
1524 644 1570 706 ut
1598 619 1751 707 melius
1778 647 1945 735 comps·

252 779 337 865 rari
364 779 497 895 possit
524 782 685 864 duobus
712 777 1004 892 sequentibus,
1033 777 1156 861 valde
1178 774 1406 876 similibus,
1436 795 1480 857 et
1503 803 1605 888 quos
1635 795 1829 859 auctores
1856 773 1945 886 plu·

253 928 354 1017 nmi
392 931 686 1017 confuderunt.
754 915 827 1013 Ad
867 928 1092 1044 capiendas
1137 925 1321 1012 aviculas
1355 923 1402 1017 in
1439 923 1588 1009 Rossia
1613 922 1792 1022 instrui,
1833 921 1944 1034 quod

253 1082 506 1199 ssdmards
532 1079 748 1196 prodidit,
776 1109 855 1195 ego
882 1048 1096 1199 nunquam
1123 1074 1282 1161 audiri.

391 1234 566 1319 Descr.
621 1232 870 1344 Magnitudo
899 1229 1111 1334 Merulae,
1158 1257 1230 1312 seu
1257 1249 1458 1340 sequente
1495 1225 1623 1342 paulo
1663 1231 1813 1339 major.
1872 1227 1948 1310 Ro·

253 1402 384 1495 strum
410 1380 502 1466 basi
530 1381 838 1480 coerulescens3
879 1380 1047 1496 plumae
1076 1409 1198 1495 supra
1224 1407 1344 1462 nares
1382 1378 1569 1478 albidae,
1615 1374 1766 1463 setulis
1803 1374 1950 1492 nigris.

256 1533 486 1648 supercilia
514 1555 558 1616 et
585 1531 805 1649 palpebrae
842 1532 950 1614 alba.
1020 1533 1170 1615 Fascia
1204 1530 1280 1614 sub
1315 1528 1469 1633 oculis,
1512 1528 1559 1613 in
1605 1556 1747 1612 aream
1787 1525 1949 1613 aurium

255 1683 503 1795 oblongam,
535 1681 765 1768 exsoletius
793 1704 924 1767 stram
953 1680 1143 1766 dilatata.
1214 1681 1256 1763 V
1251 1699 1364 1765 erres
1391 1701 1436 1763 et
1462 1688 1601 1765 ceruix
1626 1675 1818 1777 cinerea,
1858 1680 1947 1763 dor·

257 1862 357 1931 sum
378 1831 610 1935 sordidius,
656 1831 941 1917 cinerescente
976 1863 1141 1917 canum.
1208 1831 1359 1915 Subtus
1386 1851 1527 1946 peetus
1552 1850 1711 1933 toturn,
1755 1828 1950 1915 emedio

257 1984 373 2070 collo
401 1985 456 2071 ad
484 1983 648 2083 aluum,
688 1980 974 2068 cinerescente
1002 1982 1212 2067 sordidius
1241 1981 1372 2076 albet,
1410 1978 1580 2066 lineolis
1605 1979 1871 2064 tenuissimis
1894 1976 1948 2064 ci·

256 2131 398 2229 nereis
425 2156 661 2218 transverse
702 2134 965 2219 undulatum.
1035 2137 1144 2219 Θυῖα
1184 2133 1291 2216 alba.
1368 2130 1653 2246 Uropygium,
1693 2129 1949 2246 crissumque

258 2284 378 2383 alba,
414 2282 612 2401 tectrices
640 2284 797 2369 caudae
825 2283 995 2369 cinereo
1009 2335 1024 2349 ·
1037 2285 1277 2369 undulatae.
1333 2284 1483 2367 Cende
1511 2279 1809 2387 cuneiformis,
1852 2304 1949 2382 atra,

260 2431 464 2516 lateribus
508 2433 625 2530 elba,
666 2433 728 2517 ita
768 2455 814 2516 ut
856 2436 1015 2519 extima
1037 2432 1143 2559 'fere
1171 2455 1284 2535 tota,
1329 2434 1434 2517 ead
1464 2452 1490 2536 4
1519 2429 1674 2517 sensim
1702 2434 1759 2518 ed
1788 2433 1948 2550 apicem

259 2603 448 2679 tantum,
491 2581 678 2697 quinque
708 2585 888 2671 mediae·
905 2587 1031 2701 plane
1059 2616 1145 2671 non
1174 2585 1307 2668 albae.
1377 2585 1485 2683 Aine
1511 2581 1676 2697 nigrae,
1719 2581 1815 2669 basi
1842 2585 1946 2670 cine·

98 2760 104 2769 ·
259 2759 381 2834 reae3
425 2743 599 2845 remiges
628 2768 650 2818 e
681 2735 734 2819 ad
763 2771 803 2841 9.
832 2735 923 2822 basi
952 2737 1096 2836 albae,
1136 2733 1274 2849 prima
1301 2733 1482 2818 dimidio
1509 2731 1691 2820 brevior.
1748 2736 1945 2822 Secundo·

259 2891 347 2973 riae
381 2916 426 2967 ιο
458 2885 513 2969 ad
546 2898 606 2971 ιδ.
637 2883 793 2970 sensim
831 2886 1057 3002 nigriores,
1098 2884 1173 2968 vix
1200 2915 1364 2969 summo
1392 2884 1511 3000 apice
1540 2886 1675 3009 albae.
1750 2888 1947 2973 Tecttices

260 3032 531 3117 secundariae
558 3064 734 3149 gryseo-
749 3037 1022 3151 marginatae.
1089 3037 1197 3120 Alae
1227 3035 1487 3151 compositae
1514 3039 1673 3122 caudae
1702 3038 1833 3152 paulo
1859 3036 1947 3152 plus

258 3179 385 3266 tertia
412 3205 531 3297 parte
560 3210 755 3301 aequant.
827 3189 955 3275 Pedes
982 3187 1117 3302 nigri,
1158 3185 1388 3271 debiliores
1417 3218 1543 3302 quam
1583 3187 1803 3302 sequenti,
1849 3187 1946 3272 licet

178 3384 184 3391 ·
257 3328 351 3444 ipse
392 3341 554 3447 major,
603 3338 727 3449 digiti
765 3339 995 3424 breviores.
1072 3339 1238 3423 Pondus
1277 3337 1404 3452 vulgo
1443 3336 1594 3424 urtciae
1635 3337 1947 3453 sesquitertiae,

257 3481 329 3565 rel
359 3503 414 3577 ab
470 3488 707 3574 Mensurae:
736 3490 789 3573 ad
817 3488 1069 3605 uropygium
1100 3492 1160 3575 5⁶.
1189 3490 1259 3598 7''‘.
1301 3493 1461 3574 caudae
1494 3491 1556 3595 4”.
1592 3491 1664 3593 4’”.
1705 3490 1833 3575 ulnae
1872 3488 1947 3573 ala

259 3660 354 3715 rum
366 3641 427 3735 Δί’.
442 3637 515 3736 4”.
530 3665 807 3750 expansarum
828 3641 872 3724 ι’.
894 3643 949 3723 r''.
965 3643 1035 3726 3'''.
1057 3638 1181 3725 rostri
1195 3639 1249 3723 ad
1269 3638 1354 3724 oris
1367 3641 1542 3756 angulos
1560 3647 1615 3727 1⁰.
1637 3639 1845 3728 tibiarum
1861 3642 1945 3725 11'''.

644 3799 732 3890 56.
820 3799 1168 3890 LANIUS
1241 3799 1571 3891 Excubitor.

398 3934 448 4015 L.
476 3932 700 4042 cinereus,
748 3942 892 4026 mbms
929 3942 1079 4042 albus,
1122 3942 1259 4027 fronte
1286 3942 1607 4059 superciliisque
1650 3943 1789 4049 albis,
1828 3940 1946 4030 fesci·

261 4078 424 4167 oculari
451 4114 478 4177 a.
502 4107 637 4170 rostro
662 4085 798 4202 nigra.
1898 4180 1905 4191 .

479 4234 637 4323 Lanius
662 4245 817 4352 major,
843 4237 1055 4345 cinereus,
1082 4243 1201 4328 Zooi.
1232 4243 1325 4329 brit.
1355 4276 1396 4358 p.
1426 4258 1494 4354 7³·
1522 4280 1586 4363 sp.
1622 4285 1657 4333 ι.
1685 4247 1777 4335 tab.
1805 4249 1856 4335 C.

258 4448 261 4455 .
398 4393 451 4473 In
477 4386 628 4473 Rossis
661 4411 706 4474 et
740 4395 907 4506 Europa
945 4413 1059 4495 tota,
1098 4392 1230 4480 etiem
1268 4393 1315 4479 in
1355 4397 1596 4486 borealibus
1639 4401 1859 4518 frequens,
1896 4394 1943 4481 ab

261 4554 440 4649 utreque
470 4536 616 4642 affine,
644 4539 809 4625 collatis
837 4539 1140 4657 speciminibus
1166 4545 1267 4630 rere
1297 4544 1500 4634 diversus.

401 4687 575 4774 Dercr.
632 4694 749 4773 Inter
764 4694 940 4781 Βαηίιιω
960 4701 1156 4814 maiorem
1182 4716 1234 4781 et·
1253 4698 1295 4780 V
1290 4703 1432 4811 &lem
1457 4700 1755 4816 magnitudine
1775 4698 1939 4799 medin·

105 4859 113 4876 .
264 4831 431 4949 mique
459 4837 725 4943 minimus,
765 4843 1013 4956 praesertim
1044 4845 1291 4963 posteriori5
1328 4853 1405 4939 sad
1432 4856 1693 4944 conferendo
1720 4849 1938 4975 Specimlfl
