4410 5910
264 422 376 542 364.
932 458 940 469 “
1030 452 1185 510 ==

287 689 322 732 r·
367 655 373 667 '
407 657 458 739 ln
486 642 717 742 nemorosis
744 674 790 740 et
815 651 1032 769 sylvaticis
1082 648 1260 739 Rossiae
1285 650 1597 768 temperatioris
1624 653 1838 755 abundat,
1889 683 1975 744 nec-

271 808 317 893 in
357 805 568 922 quercetis
608 805 899 891 australiorum
945 805 1163 920 regionum
1205 808 1349 910 deest,
1405 804 1450 889 in
1492 803 1738 901 Casaniensi
1757 836 1901 922 regno
1925 835 1970 899 et

266 958 461 1045 Taurica,
475 955 728 1062 chersoneso
756 954 946 1042 omnium
974 956 1324 1071 frequentissima.
1392 961 1432 1042 A
1460 956 1624 1042 Tataria
1652 956 1966 1045 mahometanis

263 1141 341 1228 pro
368 1105 535 1224 impura
564 1139 640 1194 ave
669 1106 865 1193 habetur.
923 1108 1123 1210 Timida,
1165 1109 1289 1193 celsis
1318 1109 1511 1198 arborum
1540 1110 1831 1195 cacuminibus
1860 1111 1961 1197 insi·

263 1264 365 1347 dere
395 1291 564 1358 amans,
621 1263 890 1373 gemebunda
919 1292 1038 1346 voce.
1124 1261 1247 1347 Circa
1282 1284 1455 1346 truncos
1491 1264 1684 1347 arborum
1712 1261 1759 1346 in
1788 1264 1962 1350 ericetis

262 1409 482 1515 vaccinia,
539 1433 583 1495 et
623 1410 671 1495 in
708 1409 842 1497 hortis
881 1412 1196 1499 australioribus
1230 1416 1382 1527 drupas
1423 1411 1557 1496 varias
1593 1414 1714 1528 legit.
1772 1416 1963 1502 Glandes

263 1593 442 1679 quernas
469 1562 654 1678 integras
681 1564 852 1676 gluttit,
908 1564 1045 1679 iisque
1082 1565 1269 1650 maxime
1297 1565 1418 1650 trivit.
1500 1563 1741 1651 Nidifrcant
1770 1565 1821 1650 in
1848 1569 1964 1653 altis·

260 1715 379 1802 simis
407 1715 653 1813 arboribus,
693 1715 917 1829 pullosque
945 1717 1073 1832 vulgo
1101 1718 1252 1822 binos,
1310 1746 1470 1805 maram
1495 1714 1771 1831 utplurimum
1798 1742 1847 1804 et
1874 1723 1963 1806 foe·

246 1867 449 1972 minam,
507 1872 684 1952 duarum
711 1864 1030 1956 hebdomadum
1065 1870 1269 1957 incubatu
1306 1867 1511 1954 excludit.
1579 1873 1690 1952 Vere
1725 1870 1964 1958 adventant

180 2046 185 2054 ·
261 2019 505 2124 turmatim,
564 2042 609 2103 et
636 2040 838 2104 autumno
873 2050 1043 2138 qnoque
1078 2043 1399 2138 congregantur.
1467 2018 1657 2104 Maxima
1693 2018 1759 2102 sui
1787 2023 1965 2143 generis

258 2171 376 2257 inter
398 2194 616 2258 nostrates.
688 2178 739 2257 In
773 2171 929 2256 Sibiria
966 2172 1175 2258 rarissime
1212 2170 1400 2271 occurit3
1456 2201 1509 2256 an
1537 2173 1592 2255 ob
1621 2170 1786 2283 glandis
1818 2174 1959 2258 defec-

259 2336 380 2408 tum?
405 2329 456 2408 M
464 2328 811 2411 essert-clami
827 2326 961 2410 dius
987 2346 1131 2410 tamen
1155 2327 1210 2410 ad
1228 2330 1380 2408 Ketam
1408 2342 1453 2405 et
1477 2320 1686 2406 leniseam
1714 2320 1961 2408 observatas

244 2498 575 2586 commemorat.
632 2480 685 2559 In
712 2475 1038 2580 Camtschatca,
1065 2505 1201 2592 aeque
1227 2506 1277 2562 ac
1302 2481 1502 2561 Turtures
1530 2496 1576 2560 et
1603 2475 1833 2574 Oenades,
1869 2475 1960 2594 plu·

256 2655 311 2714 ue
340 2629 505 2713 desunt.

600 2895 740 3001 ‘nm
824 2877 1292 3017 COLUMBA
1381 2881 1606 2973 men

275 3102 285 3140 ·‘
393 3089 444 3176 C.
472 3116 596 3202 sopra
622 3089 740 3179 fusco
768 3090 1017 3202 gryseoque.
1031 3092 1165 3187 varia,
1195 3091 1339 3173 subtus
1366 3088 1546 3174 vinaceo
1563 3087 1833 3193 -albescens,
1863 3121 1950 3177 ms·

250 3243 347 3328 cula
375 3240 479 3327 colli
506 3240 702 3354 utrinque
729 3237 850 3351 nigra
886 3239 1042 3325 lunulis
1069 3240 1202 3337 albis,
1257 3240 1505 3325 rectricibus
1538 3237 1785 3329 lateralibus
1825 3244 1951 3360 apice

251 3394 373 3482 albis.
1728 3472 1740 3489 ..

287 3566 293 3579 ·
349 3605 356 3612 -
468 3553 629 3633 Tu-rtur
652 3567 897 3645 auctorum,
954 3544 1175 3657 Willughb.
1204 3575 1291 3630 om.
1320 3577 1360 3660 p.
1399 3559 1487 3648 ¹34·
1516 3546 1603 3630 tab.
1632 3558 1700 3632 35.
1754 3545 1850 3666 st.
1880 3580 1946 3634 aa.

522 3735 565 3817 p.
595 3716 662 3788 61.
690 3702 832 3787 Albin.
862 3731 927 3783 aa.
954 3701 1011 3780 ΙΙ.
1040 3697 1126 3781 tab.
1154 3716 1223 3806 47.
1252 3697 1406 3781 Frisch.
1435 3729 1501 3781 aa.
1525 3696 1609 3780 tab.
1644 3707 1734 3798 140!
1762 3699 1945 3785 Brisson.

524 3885 612 3939 om
649 3857 684 3936 1.
726 3881 767 3966 p.
805 3885 872 3960 92.
911 3881 975 3963 sp.
1018 3883 1058 3958 7.
1125 3850 1290 3958 Buffon.
1331 3878 1418 3932 om.
1445 3851 1502 3932 ΙΙ.
1537 3881 1579 3962 ρ.
1615 3861 1714 3952 545.
1747 3849 1836 3938 ιώ.
1883 3862 1949 3940 25!

520 4005 744 4102 D’aubent.
773 4013 872 4117 pict.
901 4002 990 4088 tab.
1021 4014 1115 4106 394.

467 4155 681 4243 Columba
707 4160 888 4251 Turtur‚
921 4158 1012 4238 Lan.
1040 4153 1249 4264 syst.XII.
1280 4152 1316 4234 I.
1347 4184 1394 4265 p.
1420 4165 1514 4255 284.
1542 4183 1605 4270 sp·
1638 4163 1710 4240 es.

354 4305 534 4397 Rossice
563 4309 752 4402 Gorlizm
781 4303 1024 4390 Malorossis
1052 4306 1280 4406 Gorlanola,
1308 4305 1511 4390 Gorsnlm.
1593 4386 1598 4395 .

265 4473 276 4515 ³
353 4457 601 4546 Morduanis
629 4460 797 4543 Koltoi·
812 4459 1047 4540 Primetsch.
1211 4495 1214 4502 ·

268 4628 271 4635 ’
352 4608 545 4699 Buraetis
577 4610 728 4693 Talna.
786 4604 1026 4694 Calmuccis
1051 4605 1329 4721 Buchurgonb

349 4759 556 4876 Tangutis
583 4762 750 4845 Parata.

380 4921 433 5003 ln
458 4912 633 5000 Rossiae
664 4934 710 5000 et
737 4908 921 4998 Sibiriae
948 4907 1321 5029 temperatioribus
1350 4912 1406 5002 ad
1432 4922 1515 5018 ὅδὲ
1551 4905 1793 5008 latitudinis
1818 4910 1936 5000 bore·
