4410 5910
1040 359 1188 411 ''-·-·'''''
1609 450 1614 463 ,
1832 427 1840 441 .
1862 360 1958 444 299

264 556 399 671 podo,
442 550 685 640 Cotumice.
755 548 866 637 Hinc
902 582 1068 668 quoque
1108 554 1268 668 pendet
1304 550 1606 673 magnitudinis
1646 555 1866 644 diversitas
1907 556 1955 642 in

264 705 454 820 pluribus
482 703 795 819 Palmipedibus
822 726 867 788 et
894 704 1047 788 Grallis
1078 711 1135 814 (*)
1164 726 1208 787 et
1234 704 1475 820 pulcritudo
1503 706 1780 819 praestantior
1806 707 1853 793 in
1881 711 1955 794 bo·

264 856 467 957 realibus,
510 886 636 970 quam
664 854 908 970 temperatis
935 876 1139 939 natarum.
1202 854 1318 939 Hinc
1353 854 1483 940 etiam
1510 854 1739 941 derivanda
1766 856 1953 973 plurium

263 1007 499 1121 specierum
525 1015 716 1093 localitas
742 1005 990 1122 praesertim
1017 1007 1155 1121 quoad
1196 1004 1473 1118 longitudinis
1508 1008 1674 1118 gradus,
1717 1006 1853 1122 qualia
1883 1040 1951 1124 ap-

262 1181 385 1274 paret
410 1156 456 1241 in
486 1156 662 1243 Ciconia
691 1158 809 1255 alba,
851 1161 962 1240 Grue
992 1161 1310 1269 Leucogerano,
1350 1155 1607 1259 Pratincola‚
1652 1157 1879 1244 Oscinibus
1907 1181 1952 1245 et

261 1307 553 1421 Fringillaceis
582 1309 768 1424 pluribus
800 1302 1006 1394 'orientali
1048 1304 1228 1392 Sibiriae
1268 1305 1571 1426 peculiaribus,
1612 1308 1839 1429 multisque
1878 1342 1949 1397 na·

259 1460 447 1549 tentibus
475 1465 587 1544 Eois.

304 1732 309 1743 ·
397 1691 610 1772 Erraticae
636 1687 810 1770 tandem
836 1681 946 1770 mihi
975 1683 1170 1769 dicuntur
1198 1715 1314 1789 aves,
1358 1717 1465 1804 quae
1491 1719 1590 1774 casu
1618 1719 1709 1774 raro
1738 1710 1782 1773 et
1809 1710 1947 1775 tractu

258 1836 448 1936 incerto,
488 1837 736 1951 plerumque
763 1836 939 1950 penuria
967 1835 1112 1951 pabuli
1141 1835 1299 1922 alicubi
1326 1837 1568 1950 ingruente,
1612 1842 1681 1924 vel
1711 1839 1815 1925 alibi
1843 1847 1948 1952 ejus·

257 1992 361 2076 dem
389 1985 643 2071 abundantia
671 1989 815 2101 pulsae
845 1988 914 2070 vel
943 1986 1149 2090 allicitae,
1191 1988 1407 2072 turmatim
1434 2010 1558 2105 saepe
1587 2004 1861 2103 congregatae
1890 2018 1945 2074 ex

255 2170 342 2225 una
371 2137 542 2253 regione
570 2137 616 2220 in
645 2137 773 2221 aliam
801 2137 996 2250 migrant.
1065 2141 1271 2257 Exempla
1306 2140 1354 2225 in
1391 2142 1692 2255 Caryocatacte
1721 2162 1765 2224 et
1793 2137 1944 2227 Corvis

255 2288 414 2393 variis,
470 2287 517 2373 i'n
559 2286 747 2391 Stumis,
791 2284 1056 2404 (praesertim
1092 2323 1234 2394 roseo,
1278 2289 1500 2407 Seleucide
1542 2322 1644 2396 ave,
1690 2292 1945 2376 locustarum

255 2447 506 2551 sectatore),
561 2437 848 2553 Bombycilla‚
887 2441 1194 2543 'Curvirostra,
1250 2441 1600 2549 Coccothrauste,
1657 2462 1766 2531 caet.
1806 2442 1945 2526 obser·
2083 2500 2096 2511 ,

254 2612 354 2677 vata
382 2612 491 2678 sunt.

391 2798 616 2885 Caeterum
642 2827 867 2914 europaeas
896 2827 992 2881 aves
1022 2797 1145 2883 facile
1181 2828 1346 2904 omnes,
1387 2823 1555 2916 praeter
1583 2801 1738 2884 Gruem
1766 2790 1945 2880 baleari·

252 2977 351 3034 cam
378 2970 424 3033 et
458 2946 692 3053 Corriram,
734 2956 876 3035 Fauna
916 2971 1056 3032 nostra
1096 2949 1179 3034 sibi
1220 2950 1430 3055 vindicat,
1474 2951 1633 3063 aliquas
1662 2946 1803 3033 etiam
1845 2972 1943 3031 cum

253 3097 457 3186 America
484 3129 748 3221 communes,
790 3129 928 3212 neque
957 3102 1212 3214 spernendus
1240 3071 1435 3183 numerus
1462 3129 1628 3199 earum,
1670 3093 1787 3209 quae'
1806 3095 1944 3178 orien-

252 3248 412 3355 talibus
437 3248 591 3334 nostris
617 3249 740 3334 terris
769 3249 966 3334 videntur
999 3247 1208 3365 propriae.
1277 3248 1543 3363 singularum
1582 3243 1942 3330 enumerationem

248 3396 329 3485 hic
359 3403 586 3516 praeligare
613 3429 699 3484 non
728 3399 1009 3484 videturesse
1038 3429 1164 3514 opera
1193 3403 1410 3513 superflua.
1467 3404 1614 3514 Itaque
1637 3395 1782 3512 privae
1804 3414 1849 3476 et
1868 3419 1939 3505 pe·

250 3551 435 3640 culiares
483 3549 667 3667 Imperio
719 3555 852 3634 Rosso
866 3549 1068 3636 ··asiatico
1107 3548 1269 3665 species
1309 3572 1529 3665 sequentes
1571 3543 1807 3633 enumerari
1847 3570 1939 3660 pos·

251 3731 300 3789 se
329 3701 544 3790 videntur:

425 3941 538 4031 stryx
561 3937 714 4008 arulensis
739 3935 880 4026 (Sibir.)
1240 3938 1376 4007 Vultur
1400 3932 1574 4024 Meleagri
1599 3936 1742 4027 (Taur.)

423 4080 577 4170 Aquila·
588 4082 775 4170 leucorypba
808 4077 952 4170 (casp.)
1239 4082 1380 4151 Corvus
1407 4073 1591 4149 Dauuricus
1618 4074 1788 4171 (Davur.)

427 4222 537 4292 Falco
562 4223 771 4316 vespertinus.
1288 4221 1340 4278 -'-
1379 4265 1385 4293 ‚
1413 4216 1446 4294 C
1441 4244 1544 4307 yetus
1570 4218 1741 4312 (Datur.)

251 4416 571 4441 m

316 4540 372 4630 (·)
400 4546 518 4610 Recte
539 4543 636 4632 apud
661 4545 831 4614 curiosos
856 4538 972 4628 Belgii
1004 4540 1201 4606 varietates
1239 4541 1277 4604 in
1316 4537 1505 4628 speciebus
1542 4540 1665 4606 avium
1703 4525 1939 4623 hydrophila·

401 4685 484 4730 nnn
509 4668 620 4733 variis
646 4664 914 4749 distinguuntur
951 4680 973 4728 a
1011 4659 1278 4749 magnitudine,
1317 4655 1436 4734 calcide
1473 4658 1690 4750 (simplices)
1727 4662 1767 4726 ct
1802 4650 1942 4749 dubiem

393 4782 569 4897 (duplas)
594 4782 865 4899 appellantes..
1414 4884 1417 4891 Ι
1472 4872 1477 4881 ¹

605 4914 608 4919 ’
1415 4920 1436 4971 ,ο
