4410 5910
265 379 357 483 326
1021 392 1181 450 ''=-·-·-·

259 602 399 688 visum
426 599 472 683 in
502 593 674 683 aethera
699 620 842 682 enatat
869 595 1016 713 spirali
1045 597 1209 700 volatu,
1252 598 1366 682 unde
1394 594 1585 687 fulminis
1612 597 1748 689 instar·
1773 600 1959 697 defertur

260 754 307 841 in
333 754 554 869 praedam,
600 781 727 865 quarn
756 751 916 835 alarum
941 750 1107 866 impetu
1133 749 1195 834 ita
1222 749 1323 834 ferit
1330 811 1346 849 ,
1385 774 1433 836 ut
1470 783 1595 869 saepe
1623 756 1736 841 alam
1779 759 1955 877 frangat,

260 909 348 994 imo
376 903 595 1022 praecidat
623 901 786 1018 magnis
813 902 983 1003 avibus,
1017 934 1119 1020 quas
1146 901 1193 986 in
1221 924 1374 987 terram
1402 902 1521 990 vivas
1548 909 1735 1021 dejectas
1762 909 1954 1001 dilaniet.

259 1064 449 1145 Venatur
485 1062 638 1162 Grues,
682 1063 883 1157 Anseres,
922 1065 1102 1154 Anates,
1146 1053 1354 1140 matutino
1382 1059 1629 1171 praesertim
1654 1082 1877 1179 tempore,
1915 1088 1958 1153 et

263 1211 379 1297 vivas
408 1209 633 1326 discerpit;
675 1233 772 1326 post
799 1209 1025 1295 meridiem
1052 1237 1139 1293 non
1166 1206 1398 1294 famelicus.
1467 1212 1606 1296 lacuti
1646 1243 1747 1300 eum
1791 1245 1957 1333 compa·

261 1386 355 1449 rant
397 1362 586 1466 fulmini,
632 1387 675 1448 et
710 1386 910 1477 tanquam
951 1360 1133 1446 amicum
1162 1383 1209 1445 et
1233 1359 1517 1476 propinquum
1544 1366 1743 1453 coelestis
1770 1370 1957 1457 numinis

258 1518 321 1604 ita
349 1502 611 1623 reverentur,
641 1540 688 1602 ut
715 1546 844 1631 quum
872 1515 920 1598 in
946 1512 1054 1598 retia
1080 1512 1251 1598 anetina
1278 1514 1348 1599 vel
1375 1516 1547 1629 laqueos
1575 1547 1674 1602 casu
1695 1519 1957 1639 implicatur,

258 1670 452 1756 manibus
480 1668 604 1754 illum
631 1692 802 1782 tangere
831 1666 1030 1771 timeant,
1060 1668 1135 1752 sed
1162 1664 1323 1751 baculis
1351 1688 1563 1782 utcunque
1585 1699 1609 1754 e
1631 1702 1748 1759 nexu
1774 1675 1955 1763 liberare

258 1845 481 1921 conantur;
510 1829 759 1908 Fortunatas
787 1852 831 1906 se
859 1841 1074 1936 putantes,
1104 1819 1141 1904 si
1169 1819 1295 1903 illum
1321 1840 1486 1904 tantum
1507 1819 1708 1909 viderint.
1769 1830 1813 1911 V
1808 1840 1953 1915 arieta-

257 1996 339 2059 tem
365 1973 576 2091 imprimis
605 1973 965 2060 Camtschaticam
1005 1971 1147 2058 albam
1187 1969 1261 2058 bic
1290 1971 1547 2074 describam,
1588 2004 1697 2091 quae
1722 1976 1793 2064 ibi
1820 1980 1951 2066 multu

258 2126 468 2243 vulgatior
495 2128 769 2211 lassescente.

399 2256 574 2363 Dascr.
631 2278 844 2363 Maximus
885 2304 930 2366 et
970 2277 1219 2366 fortissimus
1260 2278 1325 2365 sui
1367 2279 1546 2396 generis.
1602 2287 1802 2371 flatuum
1829 2286 1948 2372 vires·

258 2461 379 2534 cens,
410 2431 531 2545 apice
559 2431 761 2535 lividum,
807 2436 955 2519 obtuse
983 2432 1272 2532 bidentatum3
1312 2432 1489 2518 maxilla
1516 2432 1694 2521 inferior
1720 2438 1946 2525 obsoletius

257 2583 530 2696 emarginata.
587 2587 745 2700 Corpus
772 2607 910 2671 totum
937 2584 1132 2670 niveum:
1160 2607 1308 2669 vertex
1335 2583 1585 2690 rhachibus,
1624 2588 1777 2674 cervix
1808 2615 1946 2677 venter

256 2757 303 2821 et
330 2736 583 2850 uropygium
609 2737 780 2822 lineolis
808 2736 1012 2853 scapinis‚
1042 2738 1212 2822 dorsum
1239 2759 1284 2821 et
1312 2739 1403 2823 alae
1431 2735 1561 2852 guttis
1588 2738 1636 2823 in
1664 2738 1855 2831 rhachin
1874 2745 1944 2829 siu·

257 2888 379 3001 gulae
407 2891 576 3003 plumae
606 2889 859 2975 continuatis
887 2889 1026 2975 fuscis.
1091 2890 1221 2993 Gula,
1251 2887 1445 3001 crissum,
1476 2891 1568 2975 alae
1589 2895 1736 2979 subtus
1758 2919 1806 2981 et
1824 2898 1944 2983 lemo-

254 3041 360 3126 ralia
388 3040 672 3127 immaculata.
727 3046 919 3154 Remiges
946 3051 1166 3155 primariae
1195 3040 1465 3126 extremitate
1486 3043 1650 3148 fuscae,
1679 3048 1943 3134 albo-macu-

254 3191 387 3294 latae,
418 3194 538 3311 apice
566 3196 663 3279 albo
690 3193 968 3307 marginatae3
998 3194 1261 3278 secundariae
1289 3192 1410 3309 apice
1437 3195 1804 3285 fusco-fasciatae.
1854 3203 1941 3286 Rae

254 3353 374 3432 trices
402 3349 597 3462 aequales
627 3349 767 3452 albae,
798 3346 964 3431 mediae
993 3347 1108 3429 lusco
1138 3369 1452 3461 conspurcatae.
1515 3347 1645 3434 Pedes
1681 3349 1939 3441 livido-coa·

253 3498 528 3591 rulescentes,
571 3498 872 3602 robustissimi,
912 3495 1033 3582 tibiis
1073 3496 1272 3582 brevibus
1311 3497 1555 3583 seminudis.
1622 3502 1825 3591 Mensura
1863 3502 1938 3590 aris

255 3650 308 3731 ad
350 3652 602 3764 uropygium
651 3653 732 3736 ra''.
776 3655 847 3736 6'''.
891 3652 1051 3735 caudae
1099 3653 1159 3754 9“.
1202 3652 1274 3755 lm.
1325 3650 1483 3734 alarum
1523 3653 1648 3737 ulnae
1698 3660 1786 3743 15⁰.
1827 3650 1937 3742 rostri

247 3798 315 3882 ¹1⁰.
347 3808 417 3884 am.
446 3802 580 3886 tibiae
615 3811 670 3886 1‘'.
698 3804 771 3911 7“'.
806 3800 933 3916 digiti
969 3799 1102 3887 medii
1143 3801 1263 3912 (sine
1300 3830 1439 3916 ungue
1473 3806 1595 3915 nm.)
1643 3805 1702 3891 1⁰.
1740 3810 1837 3894 1r¹'.
1873 3834 1935 3923 pu·

252 3948 350 4037 stici
378 3958 475 4063 (r''.'
491 3958 580 4062 nm.)
620 3958 675 4039 r'‘.
711 3961 777 4039 rm.
1649 3954 1652 3961 ¹
1813 3976 1817 3985 '

387 4107 432 4190 N
439 4129 539 4192 ota.
597 4110 873 4223 Gyrlalcones
899 4110 1123 4196 Uralenses
1158 4132 1204 4196 et
1237 4108 1408 4197 Altacei
1448 4107 1700 4226 praesertim
1736 4104 1932 4201 loeininrt

251 4277 296 4338 et
322 4256 505 4369 juniores
534 4262 675 4347 colore
703 4284 748 4347 et
776 4262 1063 4377 variegatione
1086 4262 1295 4348 simillimi
1316 4261 1435 4347 Iconi
1457 4261 1503 4346 iu
1525 4262 1788 4351 collectione
1816 4270 1930 4353 Dae

251 4406 460 4494 bautoni
486 4416 573 4500 tab.
604 4430 698 4519 462.
743 4419 949 4502 accedunt
985 4417 1038 4499 ad
1074 4421 1121 4498 F.
1150 4415 1374 4501 Lanarium
1391 4413 1480 4497 -vel
1509 4419 1555 4498 F.
1583 4416 1857 4531 peregrinum
1879 4421 1927 4527 ju

252 4560 439 4667 niorem,
484 4596 605 4681 supra
646 4568 773 4668 lusci,
812 4571 956 4652 subtus
984 4566 1129 4651 albido
1157 4589 1201 4651 et
1228 4566 1462 4682 nigricante
1506 4564 1675 4653 densius
1719 4563 1925 4685 variegatis

251 4742 347 4798 cera
374 4715 530 4820 livida,
560 4719 740 4833 'pedibus
768 4717 1165 4805 coerulescentibus.
1236 4720 1429 4805 Seniores
1457 4717 1592 4831 magis
1620 4704 1857 4819 albescunt,
1887 4734 1922 4797 et

250 4886 371 4951 notas
398 4868 652 4987 nigricantes
679 4870 953 4974 contrahunt,
981 4871 1190 4958 rarissime
1218 4870 1490 4979 inveniuntur
1509 4869 1619 4977 albi,
1648 4902 1798 4961 eorum
1815 4871 1921 4957 narr
