4410 5910
250 427 353 513 2130
1016 421 1178 477 ΕΞ

255 630 485 749 pulmones
510 624 688 714 transitu
714 624 1000 713 accumulatur
1007 680 1021 723 ,
1048 621 1156 707 adeo
1181 617 1258 706 diu
1284 618 1368 706 tub.
1396 617 1514 735 aquia
1529 666 1536 675 ·
1550 622 1699 711 durare
1724 625 1836 736 (act.
1876 626 1952 715 Bb

261 792 452 875 volitem.
488 794 607 898 1753..
631 815 674 897 p·
708 793 818 895 137.)
847 775 963 893 quod
986 778 1121 863 Sorex
1147 769 1390 861 moechatus
1412 775 1656 863 luculenter.
1672 778 1908 867 confirmat.

403 1186 408 1195 -
562 1132 688 1220 «53.
773 1120 1047 1216 SOREX
1133 1117 1609 1244 hydropbilos.

256 1344 281 1375 ‘¹
354 1360 418 1445 ³8.
444 1354 668 1461 inauritus,
698 1359 831 1445 cauda
856 1354 992 1474 pilosa
1020 1356 1118 1442 albo
1146 1354 1424 1454 tubfloccosa,
1451 1352 1608 1472 plantio
1634 1342 1871 1441 fimbriatis.

480 1512 613 1595 Sorex
640 1510 823 1613 fodiens,
853 1508 1023 1596 Gmelin.
1051 1526 1155 1622 tyat.
1181 1509 1271 1591 Lan.
1300 1509 1336 1592 I.
1364 1539 1406 1625 p.
1442 1521 1530 1597 113.
1567 1536 1630 1622 sp·
1658 1543 1700 1623 7.
1740 1504 1948 1595 Sctreber.

537 1671 747 1750 mammal.
776 1666 854 1747 III.
883 1695 924 1778 p.
954 1676 1049 1774 571.
1076 1660 1162 1747 tab.
1198 1673 1287 1746 ιδι.

480 1859 746 1975 Musaraigne
772 1859 911 1963 d'eau,
951 1879 1051 1945 acta
1077 1859 1208 1943 Paro.
1244 1870 1359 1965 1756.
1400 1889 1442 1973 p.
1473 1889 1565 1943 ιιι.
1606 1854 1692 1943 tab.
1729 1892 1763 1940 ι.
1794 1856 1883 1970 fig.
1912 1889 1950 1941 a.

535 2014 717 2097 Bn‘sson.
746 2011 890 2128 quadr.
918 2043 960 2125 p.
988 2045 1076 2123 127.
1104 2041 1167 2124 ap.
1192 2041 1231 2093 a.
1258 2011 1422 2119 Buffota
1450 2012 1545 2095 hist.
1568 2028 1652 2095 nat.
1675 2011 1790 2094 VIII.
1818 2040 1862 2125 ρ.
1883 2021 1949 2112 64-

536 2163 623 2248 tab.
659 2198 719 2247 ιι.
738 2165 825 2277 fig
861 2199 895 2249 1.

479 2353 788 2460 Waterahrevv,
829 2358 1026 2443 Pennont.
1052 2357 1172 2443 Zool.
1214 2359 1307 2445 bn’t.
1344 2362 1456 2469 (tto)
1481 2360 1518 2440 I.
1546 2383 1646 2471 pag.
1680 2388 1770 2443 ιιι.
1810 2387 1875 2470 ap.
1911 2391 1949 2444 a.

536 2511 621 2597 tab.
657 2546 718 2595 ιι.
747 2541 788 2593 n.
816 2523 884 2596 33-

264 2818 267 2823 ,
371 2703 545 2793 Roaaice
580 2706 739 2817 (Sorex
767 2702 1025 2818 generatim)
1052 2704 1232 2804 Kutdra,
1271 2707 1477 2793 Bustorho
1515 2705 1586 2792 vel
1626 2707 1858 2802 Putoroko,·
1904 2699 1949 2789 ia

259 2966 265 2979 .
426 2853 583 2943 sibin'a
614 2856 864 2943 Wodaenaia
893 2856 1039 2969 mysch
1067 2864 1086 2967 (
1097 2859 1191 2939 Mus
1219 2860 1377 2973 aquat.)

260 3120 271 3167 ¹.
371 3051 612 3142 Calmuccia
638 3055 776 3136 Mon'n
789 3103 804 3118 ·
817 3053 1021 3163 cholgonb
1062 3056 1173 3161 (mus
1199 3048 1397 3166 equinus,
1440 3056 1554 3167 quod
1589 3083 1793 3168 equorum
1829 3078 1949 3139 naret

259 3289 268 3304 ,
348 3217 351 3224 ’
426 3203 583 3291 intrare
623 3203 828 3315 dicatu1);
875 3202 1067 3287 Buraetia
1104 3204 1205 3288 Jutr
1218 3252 1236 3267 ·
1251 3206 1455 3319 cbolgonb
1469 3241 1497 3317 ,ᾗ
1532 3206 1746 3320 Mongolie
1791 3207 1949 3291 Tacht't·

426 3361 715 3443 schevcbanno.
798 3354 1006 3470 Tunguais
1054 3356 1109 3441 ad
1154 3362 1316 3442 Lenam
1365 3357 1706 3473 Tscbiogvechan.
1789 3353 1949 3445 Iacutia

259 3592 265 3604 .
423 3511 616 3623 Kydaeb

397 3726 592 3842 Speciba‚
635 3753 761 3840 quam
787 3731 872 3837 jam
897 3758 1002 3843 puer
1027 3734 1110 3816 Αο.
1145 3742 1261 3838 1756.
1290 3726 1402 3816 circa
1441 3723 1622 3847 patriam
1648 3726 1798 3814 urbem
1823 3730 1949 3815 Bere

260 3873 398 3961 linum
425 3878 697 3962 observabam
725 3899 769 3961 et
796 3878 883 3964 aeri
908 3878 1043 3966 incidi
1081 3902 1183 3966 tunc
1223 3880 1388 3985 curavi,
1428 3910 1506 3997 per
1545 3910 1716 3968 omnem
1752 3879 1950 3966 Rossiam

260 4048 307 4113 et
334 4026 533 4114 Sibiriam
560 4030 702 4138 datur,
744 4063 823 4120 nec
861 4033 1124 4151 infrequens,
1164 4036 1412 4151 plerumque
1441 4032 1553 4119 circa
1580 4034 1736 4120 fluenta
1762 4052 1950 4121 vertatur

261 4201 307 4265 et
331 4178 377 4264 in
404 4179 509 4297 ripis
533 4184 740 4273 cuniculis
767 4186 992 4273 nidulatur.
1062 4193 1252 4305 Apparet
1278 4186 1407 4273 etiam
1434 4183 1609 4300 hyeme,
1650 4214 1777 4303 saepe
1815 4212 1946 4302 utque

259 4333 308 4423 in
334 4364 476 4454 pagos.
532 4336 666 4425 Cursu
692 4342 808 4427 lenta
834 4340 898 4425 uti
925 4363 1145 4455 sequentes
1173 4370 1331 4426 omnes.
1401 4339 1472 4422 Ad
1498 4337 1711 4425 Jeniseam
1738 4340 1946 4456 frequent.

368 4592 517 4678 Nota.
574 4599 711 4708 Major
738 4596 849 4713 apud
877 4625 972 4697 nos,
1014 4624 1140 4707 quam
1183 4595 1227 4679 in
1263 4591 1611 4679 occidentalibus.
1667 4594 1739 4678 Ad
1766 4597 1945 4708 Volgum

260 4745 370 4832 oltra
396 4742 616 4832 drachmas
640 4768 726 4834 tres
753 4781 849 4837 cum
882 4745 1086 4846 dimidia,
1127 4748 1180 4831 ad
1204 4747 1414 4831 Jeniseam
1450 4745 1540 4843 fen
1573 4743 1703 4831 trium
1729 4743 1941 4831 drachma·

259 4926 353 4985 rum
379 4902 566 5014 pondere
592 4901 827 4989 observavi.
896 4899 1006 4985 Huic
1033 4898 1255 5014 longitudo
1283 4930 1307 4982 a
1334 4928 1497 4985 summo
1538 4917 1675 4983 rostro
1715 4898 1771 4985 ad
1810 4918 1939 4983 ortum
