4410 5910
382 431 446 521 Vl

383 708 554 796 dehinc
607 735 690 824 per
744 706 985 822 alpostrem
1039 721 1230 792 tractum
1269 729 1295 790 a
1340 703 1533 824 glaciali
1586 703 1773 792 Oceano
1828 734 1973 823 usque
2013 712 2070 798 ad

381 883 602 970 australes
647 880 830 997 Imperii
873 879 982 964 sures
1028 876 1260 993 Europam
1296 879 1353 964 ab
1391 873 1503 966 Asia
1538 879 1845 983 dirimentem,
1892 880 2072 970 demum

379 1054 526 1174 ipsam
561 1082 644 1171 per
680 1054 907 1140 borealem
954 1050 1108 1137 Asiam
1148 1051 1249 1137 sive
1286 1051 1353 1137 sic
1390 1050 1559 1138 dictam
1603 1051 1811 1140 Sibiriam
1848 1056 1905 1139 ad
1944 1055 2074 1145 Sina-

378 1257 476 1316 rum
523 1256 670 1345 usque
714 1227 822 1311 sines
869 1224 1184 1346 peregrinatus
1226 1252 1350 1328 sum,
1428 1223 1623 1312 dimissis
1670 1227 1876 1344 undique
1922 1246 1969 1315 et
2014 1233 2073 1319 ad

378 1401 624 1523 glacialem
670 1427 816 1516 usque
873 1398 1110 1487 Oceanum
1152 1397 1369 1484 studiosis
1415 1399 1472 1484 ad
1521 1400 1851 1516 conquirendas
1887 1430 1957 1488 res
1992 1433 2073 1490 na·

377 1577 551 1681 turales
585 1576 728 1693 probe
765 1572 1010 1659 instructis.
1101 1568 1186 1657 Per
1222 1599 1305 1658 sex
1342 1570 1436 1657 fere
1475 1600 1615 1660 anuos
1653 1575 1731 1660 hic
1755 1573 1846 1662 luit
1870 1603 2074 1693 campus,

376 1749 425 1837 in
463 1775 556 1866 quo
593 1747 795 1839 studium
831 1773 978 1832 rerum
1013 1743 1320 1848 naturalium,
1364 1747 1491 1860 quod
1530 1774 1599 1834 me
1628 1777 1654 1849 a
1681 1749 1879 1865 pueritia
1906 1752 2072 1853 tenuit,

377 1951 458 2028 eo,
513 1950 652 2038 quem
688 1937 843 2041 gratus
879 1921 1009 2007 labor
1045 1919 1223 2039 gignit,
1277 1915 1434 2005 ardore
1473 1922 1674 2009 exercui.
1764 1922 1827 2010 Et
1861 1927 2071 2039 quamvis

379 2123 489 2187 cura
525 2096 785 2213 plantarum
823 2110 871 2180 et
907 2096 1302 2180 subterraneorum
1339 2090 1538 2181 Naturae
1576 2122 1825 2202 munerum,
1862 2099 2073 2213 quamvis

377 2270 492 2358 situs
536 2286 586 2369 et
628 2267 908 2385 populorum
952 2293 1096 2354 mores
1142 2284 1281 2382 atque
1328 2294 1398 2351 res
1441 2267 1610 2354 rustica
1647 2267 1845 2355 animum
1882 2297 2075 2357 consen·

375 2443 566 2533 tientem
611 2439 830 2530 continuo
875 2440 922 2527 in
967 2441 1152 2528 diversa
1197 2442 1453 2544 traherent,
1517 2438 1767 2562 Zoologiae
1820 2459 1999 2542 tamen,
2044 2471 2071 2530 a

377 2615 547 2706 teneris
583 2642 692 2732 prae
728 2613 920 2730 reliquis
957 2612 1351 2734 Physiographiae
1387 2613 1593 2730 partibus
1630 2616 1892 2722 adamatae,
1936 2645 2071 2734 pree·

379 2791 531 2879 sertim
582 2789 784 2877 adhaesi.
910 2787 973 2875 Et
1018 2787 1230 2905 quamvis
1274 2787 1469 2874 difficile
1514 2807 1562 2875 et
1606 2791 1783 2877 sudoris
1829 2791 2070 2909 taediique

377 2965 570 3084 plenum
607 2963 810 3051 studium
847 2989 958 3080 prae
977 2961 1168 3078 reliquis
1185 2961 1270 3066 sit,
1306 2962 1586 3049 latitantium
1623 2963 1842 3069 ferarum,
1888 2964 2073 3086 fugien-

376 3139 494 3239 tium
530 3140 799 3241 volucrum,
863 3163 1105 3223 mersorum
1151 3133 1285 3222 undis
1321 3136 1604 3241 natatilium,
1671 3136 2072 3229 insectorum-sub

376 3310 690 3400 ardentissimo
727 3309 823 3400 sirii
859 3311 1012 3398 calore
1049 3308 1375 3427 apricantium,
1437 3310 1661 3398 vermium
1699 3313 1831 3400 maris
1868 3313 1964 3400 alto
1999 3313 2071 3400 la·

375 3487 572 3577 teutium
608 3484 789 3602 species
824 3484 1117 3602 conquirere,
1160 3511 1303 3570 mores
1339 3485 1536 3585 discere,
1579 3485 1757 3573 viscera
1792 3487 1966 3590 rinrari,
2021 3502 2073 3572 et

377 3658 675 3748 multifariam
711 3675 980 3747 structuram
1016 3658 1288 3757 describere,
1324 3676 1473 3746 tamen
1511 3686 1662 3776 neque
1698 3658 1883 3776 proprio
1919 3656 2068 3745 labori

376 3836 594 3952 peperci,
650 3860 801 3950 neque
821 3834 871 3921 in
888 3833 1146 3921 excitandis
1165 3849 1212 3918 et
1231 3833 1543 3920 conducendis
1562 3862 1661 3921 meo
1681 3850 1833 3920 sumtu
1859 3831 2071 3919 venatio·

377 4035 488 4096 num
506 4008 733 4095 variarum
751 4008 901 4127 gnaris
922 4009 1184 4096 hominibus
1202 4035 1366 4096 avarus
1387 4008 1472 4112 fui,
1501 4024 1555 4093 ut
1573 4007 1782 4096 desidero
1804 4007 2071 4095 animalium

376 4180 489 4270 istas
509 4181 719 4304 regiones
743 4178 1043 4270 incolentium
1071 4200 1292 4301 quantum
1320 4210 1499 4300 possem
1526 4179 1726 4269 omnium
1751 4182 1934 4298 potirer.
2008 4177 2073 4268 Et

377 4355 686 4473 respondebat
704 4355 826 4443 votis
844 4356 1051 4462 fortuna,
1088 4376 1267 4445 utnon
1305 4358 1453 4444 solum
1489 4356 1665 4460 omnia,
1702 4384 1821 4473 quae
1858 4356 2071 4476 legerant

379 4547 428 4618 et
463 4529 798 4619 adnotaverant
831 4557 913 4647 per
950 4535 1033 4620 has
1070 4550 1208 4619 terras
1245 4550 1351 4618 ante
1389 4559 1458 4618 me
1494 4531 1836 4651 peregrinantes
1880 4528 2060 4618 celeber·

375 4702 477 4793 riuti
511 4703 594 4793 viri
630 4703 1191 4808 Messersclrmidius‚
1264 4700 1555 4792 Grnelinus
1590 4730 1708 4808 sen,
1760 4700 2069 4806 Stellerut,

375 4879 574 4999 propriis
619 4879 768 4969 oculis
813 4879 1000 4982 videre,
1063 4877 1321 4967 examinare
1359 4898 1408 4968 et
1442 4896 1646 4968 recenter
1691 4903 1790 4965 meo
1831 4903 1952 4965 more
1989 4875 2072 4963 de·
