4410 5910
402 420 489 502 272
1164 402 1317 469 '=-·-·

402 616 517 705 inter
545 613 884 703 Camtschetcam
912 638 957 699 et
984 610 1229 698 Americem
1262 608 1346 697 sibi
1381 607 1658 729 familiariter·
1683 632 1727 696 et
1762 610 1937 697 nomine
1972 630 2092 697 nous

402 791 735 854 enumerant-
762 772 903 880 Quum
931 769 1108 852 Cetacea
1133 765 1180 851 in
1209 793 1263 851 eo
1289 773 1534 881 praesertim
1564 793 1588 847 a
1622 764 1890 851 Luctantibus
1919 761 2095 877 reliquis

400 920 620 1022 differunt,
660 923 776 1033 quod
805 941 915 1003 artus
944 917 1129 1034 poeticos
1156 946 1346 1020 exosses,
1386 915 1433 999 in
1461 916 1641 1001 caudam
1668 912 1989 1030 cartilaginibus
2017 914 2094 1000 lul·

397 1093 488 1157 tam
516 1074 771 1156 coadunatos
801 1070 1018 1169 obtinent,
1052 1078 1142 1185 jure
1177 1070 1361 1186 primum
1388 1068 1434 1152 in
1463 1064 1547 1151 hoc
1574 1066 1722 1152 ordine
1751 1069 1894 1154 locum
1923 1074 2093 1153 Menate

399 1222 470 1305 nel
497 1221 744 1308 Trichecl'ro
771 1224 1005 1308 concedere
1032 1249 1202 1306 necesse
1231 1243 1317 1326 est,
1354 1219 1459 1305 licet
1495 1217 1532 1303 is
1559 1222 1688 1335 patilo
1713 1223 1831 1338 plus,
1868 1248 2001 1336 quam
2033 1248 2093 1305 re·

400 1372 518 1491 liquo
545 1404 720 1490 genera,
753 1377 805 1459 ad
831 1375 1152 1490 quadrupedum
1180 1395 1431 1458 structuram
1459 1375 1645 1458 accedat.

798 1658 1031 1766 XXXll.
1116 1655 1701 1763 MANATUS.

536 1959 719 2041 Fabulae
748 1988 835 2041 non
863 1954 1057 2042 absimile
1087 1985 1219 2070 genus
1244 1954 1328 2042 hoc
1359 1960 1461 2043 duas
1482 1979 1646 2043 tantum
1672 1954 1905 2043 hodienum
1926 1960 2093 2074 species

396 2137 552 2221 easque
580 2107 919 2193 distinctissimas
949 2108 1150 2222 agnoscit.
1209 2110 1291 2192 Sed
1322 2131 1385 2194 est
1412 2109 1597 2226 suspicio
1625 2108 1670 2193 in
1699 2108 1943 2223 longinquis
1971 2110 2092 2203 mari·

399 2259 475 2340 bus
504 2259 644 2346 adhuc
670 2264 811 2377 plures
839 2259 931 2347 dari
958 2289 1237 2374 congeneres,
1272 2289 1382 2373 quae
1410 2266 1599 2348 nondum
1627 2260 1710 2347 sibi
1737 2260 1995 2349 invenerunt
2024 2266 2092 2353 de·

397 2409 624 2526 scriptores
662 2439 891 2500 accuratos.
959 2420 1019 2498 Ut
1054 2410 1172 2494 enim
1208 2412 1261 2494 de
1300 2411 1474 2498 animali
1509 2412 1711 2527 singulari
1754 2413 1919 2503 marino
1948 2448 1973 2499 u
2000 2418 2092 2503 dits

344 2570 347 2575 ’
393 2573 565 2674 gentius.
596 2570 765 2652 Stellero
793 2574 852 2679 (*)
880 2564 926 2649 in
953 2562 1107 2648 itinere
1132 2562 1389 2649 Americano
1416 2563 1581 2650 ominus
1617 2568 1839 2651 observato
1877 2565 1995 2653 nihil
2031 2568 2093 2657 di·

396 2742 516 2814 cum,
541 2721 740 2803 videntur
766 2719 813 2804 in
840 2715 1057 2804 immensis
1086 2712 1310 2801 Americae
1338 2716 1627 2803 meridionalis
1665 2715 1805 2802 fluviis
1832 2741 1878 2805 et
1904 2720 2095 2809 maribus

396 2869 604 2975 quaedum
650 2868 867 2984 incognita
901 2870 1032 2954 latere
1078 2865 1201 2980 hujus
1244 2867 1539 2955 similitudinis
1581 2869 1793 2959 animalia.
1866 2872 1940 2958 sic
1973 2874 2098 2963 enim

396 3015 480 3100 Gil
488 3024 505 3101 l
512 3028 527 3100 i
555 3027 774 3105 Manatum
803 3021 922 3106 fluvii
951 3020 1139 3111 Orinoco
1168 3019 1408 3107 describens
1438 3029 1542 3134 (**),
1569 3051 1697 3137 quem
1726 3022 1950 3109 interram
1973 3028 2096 3114 exire

396 3188 440 3250 et
469 3164 613 3255 herbis
642 3173 759 3288 pasci
786 3172 1007 3288 perhibet,
1043 3192 1087 3254 et
1115 3171 1227 3256 mole
1260 3178 1448 3258 Juvenco
1476 3198 1710 3289 comparat,
1748 3172 1913 3260 curiose
1942 3176 2096 3266 distin·

395 3315 488 3431 guit
516 3325 567 3405 ub
598 3321 714 3406 affini
744 3323 829 3410 elio
858 3322 1033 3407 animali
1061 3319 1107 3405 in
1133 3345 1289 3406 terram
1321 3353 1532 3437 nunquam
1560 3325 1752 3429 exiente,
1794 3330 1869 3411 sed
1906 3330 2098 3420 dimidio

395 3498 521 3585 saepe
559 3472 623 3556 sui
660 3475 846 3590 corporis
875 3474 1004 3590 'supra
1041 3503 1165 3586 aquus
1201 3472 1436 3573 eminente,
1472 3480 1585 3590 quod
1623 3480 1675 3563 ub
1708 3478 1863 3563 incolis
1909 3482 2099 3571 Orinoci

392 3623 531 3718 Atun,
561 3626 613 3708 ab
643 3625 839 3741 Hispanis
871 3629 1030 3710 Toniua
1058 3623 1229 3710 dicitur.
1284 3630 1341 3710 Et
1367 3625 1471 3738 quid
1500 3659 1585 3713 non
1613 3632 1930 3745 expectandum
1952 3657 2024 3720 est
2042 3665 2098 3723 ex

392 3767 605 3858 immenso
632 3779 862 3864 antarctico
890 3780 1090 3863 Oceano?

548 3950 677 4052 142.
758 3940 809 4028 bl
837 3940 879 4029 Α
908 3939 948 4027 Ν
975 3939 1017 4028 Α
1045 3936 1092 4028 Τ
1120 3937 1165 4026 U
1191 3938 1220 4027 S
1282 3939 1539 4035 borealis.
1595 3941 1744 4037 TAB.
1780 3940 1946 4041 XXX.

529 4079 591 4159 Μ.
621 4081 865 4184 edentulus,
895 4082 1029 4167 cauda
1056 4080 1223 4182 biloba,
1255 4113 1433 4200 corpore
1461 4085 1725 4200 epidermide
1752 4085 1954 4181 loricato.

610 4235 752 4316 Vacca
781 4232 965 4330 marina,
993 4236 1149 4322 Steller·
1176 4236 1284 4323 Nou·
1313 4240 1430 4327 Com.
1458 4241 1622 4356 Petrop.
1649 4242 1705 4327 ΙΙ.
1729 4274 1774 4356 p.
1794 4260 1892 4350 294.
1921 4248 2098 4341 Butler.

664 4386 739 4475 der
766 4389 978 4475 sectere.

399 4534 672 4561 Μ

443 4599 496 4693 (’)
525 4606 629 4677 Conf.
656 4601 809 4680 Pennunt.
839 4606 933 4681 Zool.
963 4629 1042 4684 arcs.
1071 4610 1103 4685 Ῑ·
1127 4636 1162 4708 l·
1193 4632 1275 4696 ¹⁸¹·
1301 4639 1364 4710 ⁸⁶4⁰

443 4750 519 4845 (‘·)
546 4756 669 4847 Saggr'o
695 4763 1080 4841 dissenciencium
1107 4776 1260 4863 (Romae
1291 4770 1416 4872 1780.)
1453 4776 1548 4847 Yon.
1573 4768 1605 4845 1.
1631 4790 1669 4868 p.
1697 4786 1756 4865 04.
1786 4772 1855 4847 ubl
1878 4786 2005 4857 etim
2030 4788 2096 4861 a..

520 4876 639 4957 lineat
663 4891 854 4959 Manatum
873 4890 936 4981 lig.
967 4915 999 4965 1.
