4410 5910
254 405 348 514 406
1016 398 1166 467 ΕΞ

285 635 292 655 “
393 624 569 708 Descr.
623 615 872 731 Magnitudo
910 610 1182 702 collusionis.
1235 612 1388 731 'Capra
1414 638 1535 730 supro
1553 606 1834 729 fdimgineo.
1848 636 1938 731 ω.

255 805 392 878 saum,
435 791 571 858 noctu
608 765 872 895 supraciliari
913 767 1010 851 albo
1017 800 1032 866 3
1062 769 1281 882 fasciaque
1318 752 1405 850 lata
1432 763 1571 881 nigra5
1614 796 1641 851 a
1666 786 1828 871 rostro,
1866 795 1940 882 per

254 916 421 1023 oculos,
463 899 516 1007 ad
552 922 671 1006 aures
693 922 846 1042 ducta.
913 918 1076 1041 Corpus
1101 946 1224 1032 supra
1258 942 1407 1032 gtyseo
1421 916 1689 1016 -cinereum,
1735 927 1939 1033 wopygio

252 1074 427 1162 exolete
455 1071 706 1187 ferrugineo.
761 1070 913 1154 Subtus
941 1066 1084 1154 albido
1117 1069 1346 1166 lucescens,
1372 1097 1514 1154 versus
1539 1069 1673 1154 latera
1701 1065 1942 1168 saturatius3

249 1232 359 1347 gulo
386 1222 549 1341 albida3
585 1232 756 1308 absum
782 1217 1023 1304 candidum.
1080 1226 1188 1305 Αἰαε
1214 1217 1493 1333 nigricantes,
1534 1217 1626 1304 basi
1654 1221 1800 1305 subtus
1829 1219 1941 1304 albat

253 1350 429 1491 vestiges
459 1390 523 1484 t'9.
550 1372 687 1490 prima
725 1370 887 1474 brevis,
932 1399 1078 1455 omnes
1120 1371 1255 1456 limbo
1296 1369 1506 1493 exteriore
1532 1369 1720 1488 poliid03
1761 1378 1942 1455 tectrim

254 1525 556 1641 apice'gryseo
584 1520 854 1637 marginatae.
911 1523 1059 1608 Cardo
1087 1519 1409 1638 decempennis,
1435 1519 1609 1606 brevior
1628 1548 1757 1636 quam
1782 1521 1833 1606 in
1861 1551 1941 1606 om·

254 1678 380 1763 nibus
407 1674 776 1791 praecedentibus,
804 1670 894 1759 imo
921 1703 1097 1789 corpore
1124 1674 1316 1778 brevior,
1345 1670 1485 1758 obiter
1510 1674 1756 1775 rotundato,
1785 1674 1942 1760 extima

257 1828 453 1941 utrinque
488 1855 629 1941 penna
663 1824 796 1910 multo
837 1824 1051 1929 breviore,
1091 1847 1182 1912 tota
1221 1853 1372 1940 gryseo
1387 1872 1402 1887 ·
1416 1824 1670 1930 fitscescens,
1709 1826 1942 1912 rectricibu

258 1976 473 2092 utrinque.
490 1975 703 2092 quaternis
740 1973 860 2091 apice
903 1975 1070 2070 albidis,
1140 1979 1268 2064 Pedes
1306 1973 1444 2089 nigri.
1499 1975 1631 2059 Pedes
1660 1975 1801 2092 'paulo
1840 1977 1942 2062 ultra

259 2125 481 2215 drachmas
508 2126 676 2213 novem.
731 2129 868 2213 Cocco
895 2124 1052 2230 exilia3
1080 2128 1266 2214 vesicula
1292 2128 1419 2214 fellea
1446 2123 1576 2212 nulla.

394 2280 440 2361 N
444 2299 542 2365 ota.
598 2279 974 2365 Measersclunidius
1001 2278 1049 2363 in
1076 2278 1160 2365 suis
1186 2278 1352 2377 notavit
1377 2307 1585 2364 mers-suras
1612 2298 1856 2392 sequentes:
1895 2277 1942 2360 ab

260 2426 383 2557 apice
425 2428 549 2513 rostri
583 2428 636 2512 ad
662 2427 915 2543 uropygium
943 2430 1004 2533 4''.
1039 2431 1105 2515 1'‘'.
1136 2433 1294 2514 caudae
1324 2431 1385 2517 δ”.
1414 2431 1497 2518 Sim.
1546 2428 1705 2519 alatum
1747 2457 1942 2546 expansa·

263 2610 358 2668 rum
374 2590 474 2719 '10'ss
494 2577 573 2668 ,5⁰2
601 2576 725 2668 rostri
752 2579 823 2669 8”’.
853 2579 1073 2690 sederant
1098 2581 1288 2700 pondere
1316 2579 1469 2668 nostris
1495 2579 1623 2697 paulo
1649 2554 1885 2668 nenses.

804 2991 960 3096 v111.
1050 2994 1089 3098 P
1159 2996 1183 3096 Ι
1251 2993 1296 3095 C
1369 2995 1403 3095 Ι.

399 3205 555 3291 Genera
583 3230 690 3318 quae
717 3200 843 3288 unica
871 3202 942 3311 vel
970 3203 1189 3318 perpaucis
1217 3203 1437 3318 speciebus
1459 3202 1694 3289 consistunt
1721 3224 1768 3286 et
1795 3234 1820 3285 a
1847 3208 1943 3285 Zoc

207 3360 214 3372 '
261 3338 373 3466 logis
401 3374 446 3438 et
473 3352 689 3441 Botanicis
727 3336 893 3470 (nuper
907 3375 951 3438 et
978 3386 1002 3438 a
1029 3352 1321 3468 Mineralogis)
1364 3358 1470 3441 adeo
1513 3352 1638 3440 facile
1677 3382 1792 3439 nunc
1826 3353 1943 3464 adop

262 3524 404 3588 tantur
412 3568 428 3627 ..2
468 3503 580 3590 mihi
614 3507 861 3622 plerumque
897 3527 1070 3589 naturae
1099 3504 1292 3590 instituto
1321 3504 1556 3592 consentire
1584 3501 1702 3591 haud
1740 3501 1943 3598 videntur,

264 3640 340 3737 s'ed
368 3646 597 3740 mdximam
625 3678 787 3771 partem
814 3677 910 3740 sunt
936 3655 1188 3741 naturalium
1222 3688 1423 3775 generum
1464 3654 1697 3771 singulares
1737 3647 1945 3766 exceptio·

266 3829 365 3906 nes,
406 3802 559 3918 quibus
595 3811 757 3890 Natura
782 3805 941 3922 ubique
970 3805 1194 3892 creationis
1221 3804 1473 3925 praesertim
1506 3805 1731 3921 organicae
1772 3824 1945 3919 systema

267 3928 430 4038 varini
456 3932 630 4041 siudrdt.
685 3960 748 4042 Eo
776 3984 898 4041 sensu
922 3963 1102 4073 Jyngem
1136 3986 1233 4043 cum
1261 3957 1372 4044 Picis
1398 3956 1623 4071 conjunxi,
1664 3985 1796 4071 quem
1810 3934 1946 4077 'nomi

265 4090 322 4187 tie
348 4096 548 4220 generice
576 4106 823 4194 distinctum
850 4106 1065 4223 hucusque
1087 4104 1379 4224 'Ornithologi
1419 4108 1544 4195 facile
1587 4137 1734 4195 omnes
1777 4106 1945 4193 colloca

265 4273 385 4351 runt,
413 4278 595 4373 excepto
621 4263 865 4362 Linnaeo,
895 4257 970 4374 qui
997 4256 1111 4374 prius
1140 4257 1263 4344 illurn
1292 4260 1345 4344 ad
1375 4260 1573 4368 Cuculos,
1619 4258 1861 4347 inconsulta
1885 4240 1946 4339 ni*

265 4400 358 4486 'tura
385 4405 631 4527 deduxerat
687 4410 865 4496 Eodem
890 4430 1135 4524 argumento
1173 4408 1283 4495 infra
1309 4410 1603 4527 Caprimulgos
1632 4408 1731 4498 curn
1759 4398 1946 4496 limandi-

268 4578 371 4637 num
399 4550 553 4669 genere
581 4550 844 4676 conjungim.
906 4561 1080 4646 Nullam
1110 4558 1298 4646 enimin
1326 4558 1396 4647 his
1436 4562 1562 4646 aliam
1606 4582 1754 4648 veram
1796 4550 1944 4678 generi·

267 4708 345 4788 'c'ae
385 4704 656 4797 differentias
692 4698 840 4796 notam‘
875 4707 1092 4812 invenias,
1133 4740 1260 4824 quam
1288 4715 1492 4812 caudsm3
1532 4709 1642 4827 quse
1669 4708 1706 4799 si
1732 4714 1941 4804 sufficeret.

270 4873 362 4940 tum
386 4858 540 4964 ctiam
575 4863 888 4977 aequabilitatis
916 4864 1031 4976 lege,
1075 4861 1252 4949 Certhia
1280 4850 1520 4966 familiaris,
1561 4866 1810 4953 rectricibus
1835 4848 1940 4946 Pico·
