4410 5910
1032 418 1181 473 Ξ
1857 424 1942 510 ¹43

419 613 594 704 Animal
629 614 858 734 aquatile),·
898 615 1003 703 alibi
1043 594 1286 720 Pohllnecln
1328 616 1512 708 Ostiacis
1543 617 1722 709 letaliaoi
1764 623 1943 733 (eodem

420 770 696 886 significatu),
738 774 792 859 ad
833 775 985 888 Surgut
1023 774 1198 874 Mouch,
1242 773 1296 856 ad
1324 779 1431 857 Keta
1458 774 1500 859 fl.
1527 774 1755 880 Putschud,
1798 777 1852 860 ad
1878 782 1944 860 Je-

421 922 582 1008 niseam
608 927 754 1011 Ludat.
810 922 1018 1042 Tungusis
1046 927 1226 1011 cedula
1259 925 1331 1009 vel
1367 927 1539 1012 Hdtalo.
1604 927 1837 1040 Samojedis
1871 931 1944 1014 Le·

420 1078 558 1191 denga
585 1078 656 1163 vel
683 1081 860 1178 Lidenlrs
901 1082 954 1165 ad
988 1076 1198 1165 Jeniseam
1238 1079 1358 1163 lutek
1399 1078 1469 1161 vel
1507 1082 1656 1176 flerem
1698 1077 1947 1165 Monticolis

419 1229 571 1330 Ssettef
594 1229 784 1319 Coibalis
797 1234 947 1329 Ssdder
969 1225 1283 1318 Camaschinzis
1297 1231 1425 1314 Sada.
1451 1230 1846 1351 ArinzisKurpjaes.
1870 1235 1947 1317 Ar·

419 1377 558 1467 menis
578 1383 771 1484 Kondus‚·
798 1380 1046 1500 Georgianis
1063 1378 1213 1496 Tagui.
1254 1379 1427 1498 Japonis
1447 1385 1620 1507 lindio?
1649 1383 1751 1495 (nisi
1772 1383 1945 1491 Lutris.)

389 1540 440 1619 In
467 1533 685 1653 populosis
714 1535 888 1623 Rossiae
917 1533 1159 1652 regionibus
1187 1565 1298 1620 nunc
1328 1534 1557 1621 admodum
1578 1566 1668 1623 rara
1691 1539 1946 1654 quadrupesr

252 1682 339 1772 nisi
367 1687 420 1771 ad
448 1686 634 1773 Dvinam
661 1710 705 1773 et
739 1686 1012 1776 Petschoram
1039 1690 1081 1773 fl.
1109 1692 1171 1770 At
1193 1688 1246 1771 ad
1273 1685 1452 1772 Sibiriae
1488 1685 1658 1792 fluvios,
1701 1687 1950 1805 praesertim

254 1841 311 1925 ad
339 1840 482 1926 Obum
510 1846 682 1956 ejusque
724 1840 987 1929 collaterales
1023 1836 1171 1924 fluvios
1201 1835 1370 1961 Conda,
1414 1841 1562 1943 Sosva,
1605 1845 1781 1954 Kasym,
1825 1847 1948 1944 Rara,

255 1989 445 2107 aliosque
473 1988 657 2079 minores
684 1990 797 2080 rivos
825 1995 1066 2109 frequenter
1093 1985 1233 2076 adhuc
1261 1988 1429 2106 capitur
1466 2013 1510 2077 et
1547 1992 1793 2081 castoreum
1832 2020 1949 2109 prae·

250 2143 328 2228 bet
355 2143 774 2260 praestantissimum.
830 2151 925 2232 Nec
953 2145 1092 2230 minus
1122 2140 1365 2229 aestimatur
1390 2141 1519 2248 illud,
1558 2144 1814 2260 quodcirca
1842 2144 1948 2232 Cau·

254 2293 344 2383 casi
370 2297 541 2401 fluvios,
568 2302 726 2404 Tereo,
755 2295 943 2397 Sunsho,
971 2297 1150 2402 Alasan,
1181 2297 1361 2412 Cyrum,
1401 2327 1425 2379 a
1454 2294 1697 2384 monticolis
1726 2289 1947 2415 accipitur.

254 2453 306 2534 ln
334 2448 501 2566 aquosis
528 2449 660 2536 etiam
687 2448 884 2538 Tatariae
913 2476 1088 2564 magnae
1117 2446 1340 2565 capiuntur
1366 2449 1619 2566 frequentes.
1688 2450 1810 2536 Ultra
1835 2445 1949 2534 leni·

252 2630 369 2687 ream
402 2598 534 2688 rarius
574 2625 817 2714 occurrunt3
858 2601 1081 2719 capiuntur
1106 2623 1250 2687 tamen
1279 2602 1334 2687 ad
1361 2600 1595 2707 Aldanum,
1639 2607 1793 2688 Manae
1820 2600 1947 2687 colla·

251 2753 405 2839 terales
432 2755 625 2843 fluviolos
653 2757 855 2873 sylvosos.
911 2753 1065 2872 Populi
1101 2753 1306 2839 tremulae
1342 2774 1388 2839 et
1413 2752 1558 2870 nigrae
1584 2752 1830 2872 praesertim
1858 2783 1947 2846 cor·

250 2904 339 2992 tice
365 2931 606 3024 pascuntur.
661 2914 788 2996 Nunc
815 2910 1064 3027 plerumque
1089 2894 1168 3025 per
1193 2903 1311 3022 paria
1337 2928 1382 2990 et
1407 2904 1548 3023 parvis
1592 2905 1768 2994 familiis
1803 2937 1946 2993 occur·

250 3081 350 3144 runt
376 3082 421 3145 et
448 3060 606 3147 retibus
634 3075 732 3148 ante
762 3084 878 3147 antra
903 3060 1034 3148 tensis
1069 3055 1303 3177 capiuntur.
1371 3059 1531 3145 Passim
1569 3082 1713 3145 tamen
1753 3053 1947 3145 fluviolos

251 3210 478 3299 artificiosa
505 3236 615 3300 strue
644 3214 867 3314 claudunt,
906 3244 961 3302 ne
996 3236 1161 3300 antrum
1189 3213 1458 3298 decrescente
1501 3243 1608 3329 aqua
1646 3209 1694 3297 in
1734 3209 1849 3297 sicco
1875 3184 1945 3295 sit.

250 3364 449 3454 Castores
475 3366 731 3487 canadenses
758 3364 982 3484 quotannis
1010 3395 1162 3482 magno
1202 3391 1397 3470 numero,
1439 3362 1690 3480 quibusdam
1732 3361 1851 3448 annis
1892 3363 1947 3446 ad

250 3534 403 3623 4ο,οοο
433 3521 568 3634 pelles
596 3540 641 3603 et
667 3523 822 3604 Lutrae
848 3519 959 3620 ultra
993 3552 1120 3605 rnooo
1149 3516 1196 3604 in
1224 3516 1420 3602 Russiam
1455 3516 1700 3600 adferuntur
1731 3486 1858 3600 etad
1884 3511 1946 3598 si-

250 3700 327 3755 nas
354 3672 647 3788 deportantur,
690 3668 843 3787 quibus
869 3673 1005 3790 pelles
1033 3702 1112 3790 pro
1137 3667 1335 3758 ornandis
1362 3665 1489 3785 pileis
1517 3663 1722 3782 hybernis
1749 3690 1795 3754 et
1821 3667 1949 3753 vesti·

249 3823 329 3908 bus
356 3821 732 3908 aestimatissimae.
803 3824 955 3910 Succos
996 3823 1269 3942 pinguinosos
1304 3819 1431 3906 maris
1466 3822 1666 3909 Castoreo
1695 3821 1945 3934 adjacentes,

251 3972 418 4063 Ostiaci
446 3997 490 4061 et
517 3972 641 4060 Rossi
667 3998 835 4061 servant
869 4007 948 4094 pro
987 3948 1240 4090 inungendis
1280 3970 1528 4060 tumoribus.
1597 3972 1710 4059 Alba
1751 3971 1944 4076 varietas,

250 4122 298 4212 in
326 4127 451 4214 dorso
478 4129 707 4213 flavescens
735 4130 790 4214 ad
818 4124 1052 4214 lschimum
1077 4127 1181 4212 visa.

387 4281 431 4364 N
437 4299 538 4365 ota.
594 4280 762 4366 Pondus
791 4278 918 4367 maris
947 4280 1081 4365 adulti
1108 4281 1220 4365 ultra
1248 4293 1297 4368 50
1329 4275 1469 4364 libras.
1539 4275 1707 4390 Longit.
1738 4277 1947 4360 edanum

254 4432 303 4516 α’.
340 4432 401 4517 δ”.
457 4433 696 4518 Palmomm
734 4441 874 4548 pollex
913 4432 1252 4537 remotiusculus,
1296 4461 1430 4546 ungue
1468 4428 1636 4514 falcato.
1708 4429 1948 4512 Plantomm

256 4580 412 4693 digitus
437 4581 589 4699 pollici
614 4587 833 4700 proximus
862 4616 996 4698 ungrae
1035 4586 1223 4688 detort0,
1262 4581 1332 4668 cui
1359 4584 1569 4693 subjectus
1595 4578 1726 4665 callus
1754 4605 1943 4679 corneus,

261 4730 540 4821 cuneiformic.
596 4734 862 4824 Electricifas
888 4736 1060 4823 velleris
1086 4768 1262 4826 summa.
1317 4736 1567 4823 anatomicos
1601 4731 1808 4847 quaedam
1834 4726 1947 4848 prio·

266 4876 375 4968 ribus
399 4887 543 4979 addidi
568 4887 617 4979 in
640 4890 749 4980 Nov-
776 4920 885 5004 spec.
914 4891 1101 4981 Glitium.
