4410 5910
633 662 724 758 68.
813 658 1110 755 LEPUS
1197 658 1539 776 ‹tl-pinus.
1631 632 1637 642 ’

386 855 435 934 L.
464 851 691 934 ecaudatus
719 848 948 950 rufescens,
992 839 1189 928 auriculis
1229 840 1482 945 rotundatis,
1525 837 1764 957 plantisque
1792 832 1937 921 fuscis.

250 1001 743 1112 emelin.s'yst.1.tn1.
782 1032 824 1113 p.
861 1010 950 1086 165.
984 1026 1047 1108 sp.
1083 1031 1144 1078 ιι.
1186 994 1389 1081 Scbrebar.
1418 998 1629 1078 mammet.
1655 992 1729 1076 IV.
1767 1022 1811 1106 p.
1841 1019 1936 1094 9¹⁰·

250 1152 337 1239 tab.
368 1165 460 1238 238.
1292 1186 1300 1202 ·
1525 1200 1528 1207 ·
1685 1148 1688 1153 ¹

473 1308 610 1417 Lepus
639 1299 825 1415 alpinus,
854 1302 1008 1385 Pallas.
1038 1307 1127 1383 itin.
1154 1300 1209 1380 ΙΙ.
1238 1329 1336 1413 pag.
1368 1310 1461 1402 569.
1503 1317 1542 1380 et
1581 1295 1688 1382 Nou.
1725 1295 1799 1410 sp.
1837 1297 1936 1406 glis.

524 1484 624 1567 pag.
655 1466 720 1537 30.
752 1465 820 1554 45.
848 1451 934 1535 tab.
965 1485 1003 1533 2.
1030 1452 1225 1534 Pennont.
1255 1455 1347 1533 bist.
1377 1448 1521 1565 quadr.
1550 1480 1590 1561 p.
1621 1460 1719 1556 377:

364 1603 537 1688 Rossice
565 1607 619 1689 ad
645 1604 860 1686 Altaicum
900 1608 1046 1714 jugum
1082 1603 1323 1686 Senostovez
1365 1599 1422 1709 (i.
1451 1628 1489 1682 e.
1518 1597 1843 1707 foenisecator);
1888 1594 1942 1677 ad

418 1755 627 1839 Jeniseam
656 1775 700 1838 et
726 1752 772 1836 in
801 1751 998 1837 orientali
1025 1751 1182 1837 Sibiria
1208 1754 1473 1836 Pistscbucba
1509 1747 1558 1860 (i.
1588 1776 1626 1833 e.
1656 1744 1914 1856 fisntlatrix).

363 1904 529 1990 Tataris
558 1900 946 2015 Crasnojarensibus
973 1904 1192 1987 Scboatlalt
1227 1902 1296 1985 vel
1323 1902 1528 2017 Sejadalt3
1569 1899 1734 2013 Kirgiso
1748 1950 1762 1964 -
1775 1894 1941 1983 Tataris

419 2058 671 2167 Dyaeltulals
700 2053 750 2160 (i.
780 2053 955 2138 esuris
984 2051 1191 2162 Cameli);
1219 2051 1375 2137 Jacutis
1396 2054 1535 2164 Agna,
1567 2050 1616 2162 (i.
1631 2081 1672 2135 e.
1693 2049 1851 2161 senior)
1876 2048 1945 2133 val

419 2237 446 2288 a
472 2234 577 2290 sono
604 2203 721 2290 vocis
753 2206 934 2307 netto,
966 2206 1035 2289 vel
1064 2207 1329 2315 Dans-Kylo
1365 2202 1414 2313 (i.
1443 2231 1482 2287 e.
1512 2202 1667 2287 animal
1695 2207 1942 2318 petrarum).

422 2356 612 2439 Buraetis
644 2358 965 2468 Tatscberganb.
1018 2354 1226 2468 Tungusis
1253 2357 1370 2440 Pota
1399 2356 1467 2440 vel
1492 2359 1650 2450 Pesen-
1679 2356 1732 2438 ad
1759 2359 1947 2464 Tuugus·

423 2508 523 2589 kam
563 2509 787 2603 Ηεηηὶάηὶς
829 2506 1016 2590 Lamutis
1060 2510 1330 2618 Dsbigyrlran
1372 2509 1440 2590 vel
1482 2508 1645 2592 Obdba.
1714 2501 1947 2616 Samojedis

423 2656 668 2743 monticolis
709 2659 990 2751 Taibascbtor
1044 2657 1233 2744 Coibalis
1275 2680 1320 2742 et
1360 2657 1531 2742 Eeltiris
1571 2658 1705 2741 Kilbe.
1775 2652 1945 2739 Arimis

424 2810 700 2922 Schallaegal.
757 2805 1068 2894 Camaschinzis
1096 2811 1213 2894 Peue.
1282 2809 1465 2895 Ostiacis
1507 2811 1560 2892 ad
1604 2816 1710 2893 Kaas
1750 2809 1793 2892 fl.
1829 2809 1948 2893 Paut-

423 2990 535 3042 man.
592 2958 788 3045 Coraecis
817 2981 861 3043 et
889 2959 1222 3046 Camtschadalis
1255 2962 1536 3046 Tscbilrultscb
1573 2968 1614 3068 (a
1641 2967 1780 3070 voce).

397 3107 574 3194 Animal
600 3109 818 3225 proprium
847 3109 1059 3195 altissimis
1087 3111 1258 3228 rupibus
1299 3109 1389 3223 iugi
1416 3111 1557 3225 magni
1585 3145 1610 3196 a
1638 3111 1825 3197 lontibus
1853 3108 1950 3195 Irtis

260 3263 305 3347 fl.
333 3259 381 3345 in
407 3259 658 3345 orientalem
684 3259 885 3345 Sibiriam
912 3260 1113 3347 continuo
1149 3284 1285 3346 tractu
1326 3262 1598 3348 excurrentis.
1669 3266 1950 3349 Observatum

260 3410 418 3528 ubique
446 3410 493 3497 in
521 3411 700 3496 excelsis
734 3410 1021 3510 Altbicorum,
1064 3411 1375 3525 Sajtnensium‚
1414 3413 1632 3500 anienem
1670 3412 1953 3500 ambientium

259 3589 307 3653 et
332 3559 750 3648 transbaicalensium
786 3562 1012 3665 montium,
1055 3593 1134 3648 nec
1177 3594 1262 3648 non
1305 3566 1359 3649 acl
1398 3571 1685 3678 Tunguscam,
1724 3563 1950 3665 vicimum.

260 3719 485 3805 Olecmam
514 3743 676 3815 amnes,
720 3735 765 3795 et
792 3715 1021 3797 secundum
1048 3713 1257 3798 Jeniseam
1284 3744 1414 3830 usque
1444 3717 1497 3801 ad
1525 3722 1807 3830 Mangaseam.
1867 3720 1951 3798 Ne·

263 3896 346 3984 que
386 3865 433 3948 in
477 3860 778 3949 Camtschatka
828 3865 959 3946 deest.
1029 3864 1207 3951 Celebre
1248 3864 1405 3980 ubique
1454 3886 1500 3951 et
1545 3871 1794 3952 venatorum
1833 3862 1954 3981 equis

264 4016 371 4101 utile
412 4035 585 4128 propter
625 4041 796 4127 magnos
837 4013 954 4100 foeni
982 4012 1174 4121 acervos,
1217 4046 1320 4131 quos
1362 4048 1438 4133 per
1479 4039 1700 4122 aestatem,
1742 4046 1822 4133 pro
1849 4013 1953 4132 hya*

216 4144 223 4162 ⁸
264 4166 369 4261 mali
394 4193 529 4281 penu,
565 4162 678 4249 circa
718 4168 904 4269 arbores,
947 4168 1018 4251 vel
1058 4166 1170 4251 inter
1210 4196 1331 4281 rupes
1372 4191 1603 4283 congerunt
1641 4165 1858 4255 communi
1896 4166 1952 4251 la·

263 4323 381 4409 bore.
449 4316 592 4401 Plures
633 4315 749 4401 enim
794 4316 917 4401 simul
959 4314 1183 4419 habitant,
1235 4340 1279 4401 et
1319 4318 1508 4405 diluculo
1548 4323 1616 4405 vel
1667 4320 1813 4407 nubila
1852 4342 1956 4405 tem·

264 4490 427 4587 pestate
455 4488 575 4549 extra
604 4489 720 4553 antra
747 4468 795 4554 in
823 4468 1005 4584 scopulis
1040 4470 1271 4573 excubant,
1315 4467 1407 4556 viso
1447 4469 1624 4566 inimico
1665 4502 1763 4561 cum
1801 4469 1955 4560 fistula·

262 4643 314 4711 tu
340 4649 384 4708 se
410 4619 727 4706 abscondentes.

937 4819 1293 4845 m
