4410 5910
254 406 343 514 136
1012 413 1160 469 ===

250 632 317 717 m.
345 622 613 711 Sclarebe‘rr’
639 614 894 708 collectione
921 616 1153 726 (mamma
1173 612 1251 698 m.
1280 642 1323 727 p.
1356 620 1446 721 187.
1473 607 1562 696 ab.
1595 608 1687 698 tsi.
1713 606 1863 721 atet
1888 605 1937 697 iu

249 784 465 869 Dionaei
491 793 737 889 systemate,
763 769 876 855 unde
903 764 1036 852 etiam
1052 764 1098 850 in
1121 764 1331 881 Synopsin
1357 764 1608 851 Pennunti
1633 760 1823 863 mansiit,
1849 772 1941 849 orm

248 928 666 1045 uino-corrigendus.
695 972 746 991 -
781 925 911 1009 Sorax
938 927 1163 1005 caecatum
1197 922 1480 1005 Laxmanni
1506 947 1563 1003 ex
1589 916 1842 1036 imperfecta
1867 918 1939 1003 do'

249 1083 479 1202 scriptione
508 1078 675 1166 videtur
702 1077 819 1161 idem
844 1095 1008 1171 noster,
1034 1072 1169 1157 cauda
1196 1068 1334 1156 adhuc
1359 1070 1589 1187 praeditus.

765 1608 864 1715 x1.
928 1604 1425 1743 sumnum.

945 1848 1258 1866 m

386 1982 600 2070 Ultimum
628 1976 924 2065 Semiferarum
952 2004 1081 2088 genus
1108 1978 1320 2075 Erinacei,
1362 1978 1475 2091 quod
1511 1977 1622 2062 inter
1650 1975 1853 2064 animalia
1878 2008 1941 2065 so·

252 2145 360 2239 lum,
388 2168 484 2223 cum
513 2130 708 2249 Hystrice
738 2130 876 2246 spinas
904 2157 981 2242 pro
1007 2126 1098 2244 pilo
1126 2124 1270 2212 habet.
1339 2135 1413 2212 Est
1452 2128 1582 2214 etiam
1621 2129 1667 2215 in
1708 2160 1761 2217 eo
1802 2129 1939 2245 singn-

253 2296 361 2389 lare,
390 2289 504 2404 quod
531 2284 685 2398 Frigore
713 2285 997 2397 obtorpescat,
1026 2301 1073 2362 ut
1101 2282 1258 2365 multae
1288 2281 1469 2368 Glirium
1498 2281 1678 2399 species,
1708 2282 1755 2370 in
1775 2304 1939 2367 tantum

251 2469 299 2531 ut
326 2440 465 2528 cordis
494 2459 629 2521 motus
657 2458 702 2519 et
727 2430 940 2549 sanguinis
968 2430 1147 2516 circulus
1174 2430 1249 2515 vix
1277 2431 1332 2517 sit
1359 2434 1669 2551 percipiendus.
1733 2441 1826 2520 Imo
1854 2462 1939 2519 me·

254 2596 325 2682 dia
354 2613 510 2676 aestate
537 2587 583 2672 in
611 2586 765 2671 cellam
793 2586 1017 2699 glacialem
1043 2583 1173 2701 positi
1198 2607 1403 2672 nostrates
1437 2587 1483 2673 in
1511 2619 1608 2675 eum
1635 2614 1851 2705 torporem
1876 2586 1940 2673 in·

254 2748 423 2844 cidunt,
450 2763 498 2825 ut
523 2737 561 2823 is
588 2766 675 2821 non
703 2737 759 2821 sit
786 2768 809 2821 a
834 2735 1031 2853 plethora
1059 2739 1129 2822 vel
1161 2736 1422 2854 pinguedine
1458 2740 1723 2827 derivandos.
1797 2742 1940 2826 Adun-

252 2907 392 2988 sons'us
416 2917 559 2980 tamen
588 2910 822 2974 auctorest
850 2893 980 3000 (Voy.
1009 2891 1067 2975 du
1093 2893 1266 3002 Senegal
1294 2924 1334 3007 p.
1366 2899 1480 3003 296.)
1509 2892 1734 2980 Erinaceos
1762 2896 1942 3009 Senega·

254 3054 391 3137 lentes
417 3044 518 3132 anni
543 3066 710 3162 partem
736 3041 911 3145 siccam,
951 3071 1077 3156 quam
1105 3044 1255 3128 maluit
1282 3041 1482 3156 hyemem
1511 3047 1746 3162 appellare,
1782 3046 1831 3131 in
1856 3071 1940 3135 tro·

253 3204 353 3320 pico
377 3200 573 3300 climate,
600 3216 816 3310 torpentes
843 3194 964 3309 quasi
990 3195 1241 3309 transigere,
1268 3194 1468 3311 victuque
1496 3228 1540 3281 se
1569 3195 1791 3285 abstinere.
1858 3206 1943 3287 Ex·

253 3355 492 3473 perimente
518 3349 651 3434 multa
678 3346 764 3431 feci
799 3346 845 3431 iu
881 3347 1155 3448 nostratibus,
1198 3348 1382 3432 calorem
1423 3349 1636 3463 sanguinis
1674 3350 1793 3437 vario
1832 3376 1941 3439 tem-

253 3534 356 3622 pore
384 3530 429 3592 et
455 3505 503 3589 in
529 3500 645 3586 varia
670 3497 876 3612 temperie
905 3498 1012 3584 aeris
1039 3501 1342 3614 exploraturus.
1407 3502 1515 3587 Cum
1545 3503 1719 3618 reliquis
1747 3504 1941 3591 animali·

253 3654 330 3743 bus
357 3657 515 3770 hyeme
543 3652 692 3768 sopitis
720 3651 919 3737 convenit
945 3652 1170 3754 Erinaceo,
1212 3652 1324 3764 quod
1354 3655 1407 3736 ad
1446 3654 1681 3766 quamlibet
1715 3656 1824 3743 aeris
1852 3688 1942 3743 mu·

252 3810 458 3893 tationem
486 3808 661 3921 gradum
688 3803 838 3888 caloris
865 3803 1077 3917 sanguinis
1123 3825 1309 3903 mutent;
1350 3802 1412 3889 ita
1453 3828 1499 3889 ut
1539 3804 1615 3920 qui
1655 3806 1823 3895 vividus
1863 3838 1943 3927 per

253 3957 578 4074 nycthemerum
605 3956 650 4040 in
679 3957 775 4043 loco
803 3955 959 4071 frigido
999 3954 1184 4039 inclusus
1225 3954 1414 4060 steterit,
1456 3957 1646 4072 torpidus
1688 3960 1823 4045 factus
1863 3958 1940 4048 vix

256 4112 309 4195 ad
350 4125 403 4199 35
441 4108 510 4193 vel
546 4123 598 4215 39
633 4111 748 4223 grad.
789 4111 925 4195 scalae
962 4107 1140 4194 Farenh.
1185 4107 1348 4209 calaad,
1401 4110 1601 4223 idemque
1650 4112 1790 4197 denuo
1831 4112 1942 4230 tepi-

256 4266 313 4346 do
355 4262 547 4346 conclavi
589 4263 783 4345 detentus
828 4263 881 4344 ad
923 4277 975 4347 66
1018 4264 1192 4374 gradum
1228 4262 1427 4366 calescat,
1471 4286 1515 4348 et
1555 4268 1728 4349 tandem
1765 4268 1938 4351 adver·

257 4442 333 4499 nos
362 4414 522 4499 calores
549 4413 756 4498 excitatus
784 4442 914 4525 usque
943 4415 996 4495 ad
1032 4430 1101 4519 953
1130 4417 1280 4526 gradus
1322 4416 1504 4516 calefiat,
1546 4416 1620 4531 qui
1661 4416 1809 4503 solitus
1849 4424 1936 4531 ejus

254 4567 404 4677 gradus
430 4594 520 4650 esse
547 4568 669 4651 solet.
740 4568 858 4649 Idem
892 4563 939 4647 in
981 4565 1163 4664 Citillis,
1202 4568 1248 4651 in
1290 4567 1508 4651 Marmotis
1550 4569 1783 4655 observari.
1854 4572 1935 4659 Sed

254 4718 504 4802 animalcula
530 4748 638 4832 quae
665 4718 820 4832 frigore
847 4746 931 4800 non
959 4742 1222 4831 torpescunt,
1258 4720 1358 4804 licet
1389 4719 1585 4820 minima,
1626 4744 1671 4805 ut
1700 4726 1854 4823 Sorex,
1890 4740 1933 4805 ut

253 4872 466 4959 Masculus
472 4932 487 4971 ,
528 4892 573 4955 et
613 4902 710 4958 aves
749 4872 935 4959 minutae
977 4872 1277 4977 calidissimae,
1320 4894 1364 4953 ut
1408 4879 1548 4957 Passer
1589 4871 1779 4977 Linaria,
1818 4872 1930 4967 nullo
