4410 5910
280 447 315 533 4
616 448 634 465 ,,
691 458 694 463 ,
1044 446 1240 505 =---

417 649 621 736 Omnium
650 648 852 735 Ordinem
878 653 1128 732 naturalium
1154 648 1264 761 apud
1291 673 1367 748 nos
1394 643 1684 760 pauperrimus
1711 668 1774 733 est
1808 649 1971 759 Semife-

280 834 438 900 rarum3
465 804 591 917 plane
622 831 723 886 vero
751 805 902 887 desunt
931 800 1154 884 Edentula.
1212 804 1376 882 Desunt
1403 827 1501 910 ergo
1531 803 1697 884 Faunae
1720 823 1886 887 nostrae
1898 833 1971 916 ge·

278 986 374 1039 nera
411 953 685 1053 calidioribus
720 953 832 1049 inter
865 951 1070 1067 Tropicos
1098 949 1339 1064 regionibus
1366 950 1538 1059 tributa,
1566 979 1590 1035 e
1625 950 1764 1065 priore
1799 951 1970 1038 ordine:

275 1108 497 1190 tinearum
533 1103 720 1214 (uti-nec
747 1107 838 1221 ipsa
865 1093 986 1189 certe'
1007 1106 1202 1187 Humana
1228 1106 1390 1215 Species
1415 1099 1462 1185 in
1497 1098 1569 1187 his
1591 1102 1833 1188 borealibus
1853 1126 1970 1189 natu·

275 1257 375 1340 ralis
404 1278 488 1358 est,
525 1260 599 1341 sed
627 1255 911 1366 adventitia),
938 1259 1174 1359 Lemumm,
1212 1254 1529 1369 Didelpbldum3
1559 1283 1614 1338 ex
1651 1254 1785 1338 altero
1820 1255 1970 1343 ordine

277 1410 443 1504 Mones,
470 1411 869 1523 Mymoecopbogae,
905 1407 1194 1523 Brodypodes,
1230 1407 1496 1522 Dasypodes.
1554 1406 1739 1489 Exulant
1765 1436 1891 1523 porro
1922 1406 1970 1491 in

275 1556 345 1643 his
372 1559 609 1643 borealibus
637 1565 856 1675 polyclrela
885 1569 903 1671 (
914 1587 1087 1671 magnae
1115 1556 1239 1642 molis
1266 1557 1462 1666 belluae)
1492 1556 1647 1641 omnia.
1705 1559 1862 1643 Contra
1895 1588 1969 1643 nu·

275 1704 393 1793 mero
414 1708 649 1823 specierum
672 1733 716 1793 et
729 1710 1047 1796 individuorum
1068 1709 1316 1824 praesertim
1344 1708 1533 1794 eminent
1561 1713 1693 1796 Glires
1720 1730 1765 1794 et
1791 1713 1966 1795 lactan·

274 1869 334 1946 tio
361 1871 535 1959 manna,
566 1858 745 1965 Phocae,
775 1863 982 1967 Rosmari,
1012 1864 1131 1949 Cete.

411 2053 658 2168 specierum
684 2086 709 2139 e
737 2057 1003 2143 Lactantium
1030 2058 1161 2141 classe
1187 2052 1392 2143 hactenus
1428 2059 1743 2142 observaturum
1777 2048 1980 2143 numerus

271 2205 384 2290 intra
410 2208 520 2289 fmes
550 2207 723 2322 Imperii
750 2208 929 2311 Rossici,
958 2208 1268 2294 connumeratis
1296 2207 1553 2312 domesticis,
1583 2236 1692 2322 quae
1712 2227 1855 2291 tamen
1877 2208 1968 2322 ple·

271 2386 399 2476 raque
429 2358 540 2472 apud
568 2389 644 2443 nos
673 2359 804 2445 etiam
830 2361 877 2445 in
904 2363 994 2445 fero
1022 2383 1132 2445 statu
1157 2384 1401 2465 occurrunt,
1439 2392 1524 2446 non
1553 2361 1689 2446 multo
1724 2359 1833 2442 ultra
1864 2362 1967 2444 Cen-

271 2528 425 2593 tumet
456 2517 754 2625 quinquaginta
788 2515 875 2597 fere
912 2511 1112 2627 exsurgit.
1156 2565 1206 2582 -
1277 2519 1326 2598 In
1351 2510 1437 2597 hoc
1471 2541 1645 2597 numero
1682 2513 1825 2596 Novae
1867 2515 1966 2628 Spe·

269 2668 371 2756 cies,
416 2662 527 2773 apud
563 2691 639 2747 nos
674 2664 858 2779 primum
894 2663 974 2749 rite
1009 2666 1252 2751 observatae
1288 2690 1333 2750 et
1366 2664 1580 2751 Rossicae.
1602 2668 1769 2748 Faunae
1808 2664 1965 2780 partim

267 2809 524 2925 peculiares,
560 2815 670 2898 ultra
707 2818 1017 2935 Quinquaginta
1048 2816 1227 2932 produci
1253 2839 1446 2932 possunt,
1484 2847 1660 2931 quarum
1693 2823 1826 2928 major
1860 2847 1959 2933 pars

267 2983 333 3044 est
361 2992 417 3046 ex
445 2962 595 3049 ordine
624 2966 828 3076 Glitium,
878 2999 964 3056 non
1001 2996 1160 3085 paucae
1195 2974 1407 3077 Ferarum,
1445 2993 1489 3055 et
1524 2969 1691 3084 aliquae
1726 2997 1781 3054 ex
1819 2975 1962 3085 Ungu-

267 3108 387 3196 latis:

264 3314 358 3382 Felis
383 3320 507 3402 manat,
529 3320 619 3392 Pall.
841 3326 961 3395 Phoco
979 3324 1166 3415 scapularis,
1189 3325 1342 3417 Lepech.
1419 3328 1537 3415 Lepus
1560 3325 1703 3413 pusillus,
1730 3329 1767 3391 P.

285 3493 339 3527 ·-.-
387 3462 801 3547 cato-lynx,G1“rldeust.
876 3507 929 3526 -
980 3467 1143 3556 equestris,
1170 3473 1206 3538 P.
1454 3505 1506 3522 -
1556 3466 1774 3558 hyperboreas,
1801 3467 1840 3537 P.

263 3601 370 3668 Canis
396 3604 582 3690 melanurus,
608 3610 645 3676 P.
876 3649 928 3669 -
979 3613 1159 3696 leucogona,
1186 3614 1269 3701 Lep.
1416 3615 1498 3677 Mus
1524 3608 1689 3702 Typlrlus,
1716 3605 1824 3677 Gotd.

285 3774 337 3798 -·
387 3741 520 3832 tonat,
541 3749 614 3819 Lim
838 3760 1032 3834 Erinaceus
1058 3753 1192 3838 auritus,
1219 3754 1256 3822 Ρ.
1438 3792 1491 3809 -
1528 3756 1676 3843 arpalax,
1703 3757 1739 3821 Ρ.

283 3917 335 3938 -·
384 3887 521 3978 alpinus,
548 3894 584 3961 Ρ.
837 3902 951 3965 sorex
976 3894 1169 3982 morcbrtus,
1197 3895 1314 3964 Gmel.
1376 3909 1377 3912 ’
1437 3936 1489 3955 -
1527 3899 1679 3987 ratpirn,
1707 3899 1744 3963 Ρ.

257 4030 409 4096 viverra
434 4033 541 4116 larris,
570 4033 672 4104 stell.
872 4075 925 4095 -·
986 4038 1359 4130 auritus,crne1.jun.
1435 4075 1488 4096 ·-
1525 4053 1703 4128 torquatus,
1731 4042 1767 4107 Ρ.

256 4171 414 4239 Mustela
438 4174 579 4259 silirr’cr,
606 4180 642 4246 Ρ.
869 4214 922 4240 -ι
972 4203 1008 4248 ru
1026 4184 1109 4268 rllrrs,
1135 4186 1171 4252 Ρ.
1435 4219 1487 4239 --
1524 4182 1666 4266 lenensis,
1694 4177 1809 4251 Gmel.

303 4347 357 4365 ·-
432 4310 603 4403 libertina,
627 4317 744 4389 Gmel.
868 4364 916 4380 -
979 4323 1127 4409 minatur,
1154 4329 1276 4400 Laxm.
1433 4361 1485 4380 —
1522 4325 1667 4410 lagares,
1696 4331 1733 4393 Ρ.

300 4489 353 4514 ι-
430 4453 626 4548 Sarmatica,
652 4461 760 4532 eolo.
865 4502 920 4522 ·-
967 4485 1149 4559 „maran
1175 4473 1212 4538 P.
1433 4501 1485 4525 -ι
1521 4467 1655 4552 socialis,
1681 4475 1718 4539 Ρ.

298 4635 353 4655 -
431 4601 614 4692 nigerrima,
639 4611 675 4677 Ρ.
828 4612 946 4699 Lepas
969 4607 1087 4697 Talai,
1112 4608 1233 4681 Gmel.
1431 4647 1481 4679 vn
1517 4629 1708 4695 utrarum,
1735 4611 1771 4683 P.

251 4739 374 4810 Pboce
398 4745 536 4832 leonina,
563 4748 665 4820 stell.
865 4788 917 4820 -η
968 4755 1107 4843 roim,
1133 4756 1173 4826 Ρ.
1428 4787 1482 4820 «ι-
1517 4753 1674 4840 gregalis
1700 4758 1736 4825 Ρ.

287 4917 340 4939 ·-
389 4890 514 4976 ursina,
539 4889 653 4982 ejusd.
864 4931 917 4950 -
967 4888 1129 4981 Ogotora,
1155 4897 1191 4962 Ρ.
1426 4923 1481 4959 «π
1516 4890 1649 4984 wiltu,
1667 4901 1705 4970 P.
