4410 5910
980 466 1127 519 m
1529 433 1533 436 ’
1832 467 1886 552 53

204 695 289 783 que
327 673 550 775 vorabant,
594 695 638 756 et
679 666 806 756 saturi
846 664 1097 787 superfluum
1138 664 1184 752 in
1224 690 1334 752 terra
1376 666 1667 773 defodiebant,
1711 647 1889 787 pedibus

204 820 395 935 priorum
438 823 687 909 effodientes
729 814 921 908 scrobem
960 847 1004 908 et
1026 815 1176 908 'rostro
1212 843 1365 905 terram
1401 845 1775 935 supenngerentes.
1833 823 1891 908 Hi
2014 795 2018 799 .

204 975 435 1059 Decembri
465 979 634 1061 demum
663 1004 805 1060 mense
839 973 1078 1091 hybernum
1105 975 1239 1058 vellus
1268 976 1377 1089 apud
1407 1003 1475 1056 me
1502 976 1728 1089 perfecere.
1788 979 1892 1060 Sunt

205 1148 347 1209 autem
376 1151 534 1212 aestate
562 1157 707 1213 omnes
735 1119 923 1213 exsolete
952 1124 1078 1230 fusci,
1109 1126 1238 1211 etiam
1267 1124 1341 1240 qui
1368 1123 1524 1238 hyeme
1547 1126 1892 1213 candidissimum

205 1279 340 1362 vellus
368 1278 563 1364 induunt.
620 1286 683 1365 Eo
710 1302 900 1395 tempore
928 1279 974 1362 in
1002 1280 1182 1364 colltbus
1212 1268 1393 1361 arcticae
1419 1277 1616 1391 planitiei
1649 1281 1888 1389 (Tundro),
1986 1268 1988 1275 ’

204 1428 279 1512 ubi
320 1431 537 1526 cuniculos
577 1428 757 1543 habent²
801 1431 1085 1544 aSamojedia
1125 1453 1170 1514 et
1197 1427 1381 1515 Ostiacis
1423 1429 1685 1513 effodiuntur·
1709 1430 1890 1544 spatise

204 1580 527 1693 Rangiferorum
556 1583 751 1667 cornibus
778 1582 974 1696 palmatis
1002 1581 1237 1684 fabricatis,
1269 1603 1312 1663 et
1341 1583 1473 1664 cauda
1502 1579 1766 1696 apprehensi,
1797 1611 1891 1696 pro-

203 1732 330 1816 tracti
359 1757 484 1848 caput
512 1756 647 1818 terrae
675 1733 884 1818 illidendo
912 1734 1038 1818 facile
1076 1755 1290 1817 necantur.
1358 1731 1585 1818 Cuniculos
1622 1755 1762 1816 autem
1790 1728 1891 1817 ideo

202 1884 248 1968 in
278 1886 400 1969 elatis
429 1885 532 2000 ripis
561 1909 605 1969 et
633 1885 812 1971 collibus
842 1890 1046 1990 condunt,
1086 1884 1290 2001 quodibi
1319 1887 1454 1969 solum
1482 1883 1645 1968 siccius.
1704 1891 1891 1997 Reperto

203 2037 400 2121 cuniculo
440 2061 615 2122 venator
656 2038 842 2153 applicat
884 2069 1044 2142 aurem,
1088 2061 1131 2121 et
1173 2036 1210 2120 si
1245 2068 1330 2121 non
1360 2016 1503 2120 audiat
1531 2059 1691 2120 motum
1719 2034 1891 2119 latentia

202 2187 417 2292 animalis,
463 2194 514 2275 ad
552 2188 706 2274 ostium
742 2189 885 2273 nivern
913 2193 1081 2292 radunt,
1121 2219 1203 2303 quo
1244 2211 1362 2273 motu
1403 2187 1689 2304 expergefacti
1730 2185 1890 2301 Lagopi

202 2341 422 2424 mussitare
452 2343 694 2445 audiuntur,
738 2365 782 2426 et
822 2371 927 2427 sono
966 2341 1127 2457 proditi
1155 2339 1363 2455 decipulis
1406 2336 1458 2421 ad
1499 2340 1663 2424 exitum
1704 2336 1890 2423 cuniculi
1942 2393 1945 2396 ι

201 2494 367 2576 statutis
397 2495 524 2578 variis
552 2494 787 2609 capiuntur.
816 2542 862 2556 -
909 2493 1101 2578 Varietas
1128 2491 1286 2607 hyeme
1315 2494 1410 2576 alba
1438 2476 1727 2606 copiosissima
1755 2512 1799 2573 et
1826 2509 1891 2574 est

201 2643 472 2730 evilissimis
508 2646 706 2761 pellibus.
780 2650 845 2730 Ex
881 2679 964 2731 nna
1001 2653 1227 2758 Mangasea
1262 2643 1511 2758 quibusdam
1547 2633 1665 2727 annis
1703 2645 1756 2726 ad
1793 2671 1890 2756 qua·

201 2795 396 2908 draginta
425 2796 544 2881 mille
583 2799 717 2913 pelles
746 2792 961 2915 exportari
1003 2801 1248 2882 adnotatum
1289 2817 1365 2880 est.
1435 2797 1519 2881 Sed
1559 2796 1616 2880 si'
1638 2793 1891 2909 migratione

199 2948 310 3031 facta
349 2948 546 3033 aliorsum
573 2978 652 3065 pro
686 2973 876 3066 tempore
903 2949 1156 3034 transierunt
1184 2947 1365 3063 Lagopi,
1392 2968 1492 3032 tunc
1521 2948 1595 3031 vix
1624 2951 1677 3032 ad
1707 2962 1810 3034 3000
1841 2943 1888 3028 in

199 3128 249 3181 ea
278 3099 452 3212 regione
481 3100 722 3216 capiuntur,
760 3101 896 3216 qualis
936 3100 1087 3214 hyems
1123 3102 1204 3185 fuit
1237 3135 1334 3210 1771
1368 3121 1412 3184 et
1446 3133 1561 3210 1772.
1598 3097 1890 3185 Nihilosecius

199 3279 379 3334 numero
407 3281 491 3336 non
519 3252 724 3337 minuitur
750 3252 989 3368 prolificum
1024 3252 1159 3338 hocce
1188 3252 1363 3352 anima13
1406 3250 1522 3335 etin
1550 3251 1698 3336 insulis
1726 3247 1887 3334 Aleuti·

200 3398 283 3501 cis,
321 3383 399 3485 'ubi
427 3403 651 3519 quotannis
680 3402 813 3487 multa
842 3435 988 3489 eorum
1015 3403 1152 3488 millia
1180 3402 1357 3488 fustibus
1392 3402 1649 3487 vocciduntur
1690 3423 1734 3484 et
1775 3398 1887 3484 deci·

198 3551 314 3665 pulis
344 3555 582 3667 capiuntur,
614 3584 780 3670 semper
807 3586 939 3670 aeque
969 3556 1132 3672 copiosi
1161 3576 1269 3639 sunt.
1328 3561 1383 3637 Et
1410 3553 1456 3638 in
1485 3552 1552 3638 his
1582 3582 1748 3670 quoque
1768 3552 1888 3635 'insu-

198 3699 252 3784 lis
281 3704 542 3816 frequentior
570 3706 700 3791 etiam
726 3718 918 3806 varietas,
947 3737 1052 3822 quae
1066 3705 1223 3821 hyeme
1246 3736 1269 3791 e
1292 3705 1669 3820 fusco-glaucescit
1697 3705 1766 3789 vel
1795 3711 1888 3788 coe·

198 3855 571 3960 ruleofusca'est,
602 3856 705 3942 alibi
735 3856 851 3954 enim
878 3858 1009 3944 rarior
1036 3883 1080 3943 et
1108 3857 1257 3973 majori
1283 3857 1329 3943 in
1357 3857 1507 3976 pretio.
1536 3864 1539 3868 ’
1567 3863 1616 3942 ln
1643 3856 1711 3942 his
1739 3854 1888 3939 insulis

199 4004 350 4088 vivunt
376 4007 558 4122 piscium
587 4031 631 4093 et
659 4003 936 4094 cetaceorum'
952 4010 998 4095 in
1027 4011 1146 4096 littus
1175 4011 1320 4123 ejectis
1349 4003 1619 4095 cadaveribus
1648 4033 1692 4094 et
1721 4008 1888 4124 quibus-

199 4154 262 4238 vis
300 4157 426 4241 maris
462 4160 792 4271 rejectamentis;
835 4154 1157 4248 incontinenti
1193 4161 1400 4264 muribus,
1437 4185 1627 4246 tetraone
1664 4160 1885 4275 lagopode,

198 4305 427 4422 leporibus.
491 4317 773 4396 Excrementa
813 4313 1106 4401 foetidissima.
1175 4315 1292 4399 Odor
1318 4341 1441 4430 supra
1469 4294 1645 4398 caudam
1672 4309 1888 4395 levissime

174 4459 499 4565 morosiacus,
543 4461 685 4546 affinis
713 4463 801 4566 illi,
833 4495 959 4577 quem
987 4469 1093 4550 Gelo
1122 4465 1263 4580 spirat.
1293 4513 1336 4530 -
1367 4464 1505 4549 Pilum
1533 4487 1577 4548 et
1604 4465 1790 4548 colorem
1818 4489 1886 4541 na-

200 4629 317 4692 turae
347 4615 526 4723 quadam
539 4604 649 4727 'lege
676 4638 858 4719 mutant,
884 4648 973 4704 -non
1002 4620 1159 4703 effectu
1187 4617 1371 4729 frigoris3
1409 4615 1501 4701 vidi
1528 4615 1645 4700 enim
1672 4608 1886 4723 Petropoli

204 4757 334 4841 etiam
361 4761 497 4848 calido
525 4767 622 4850 loco
650 4769 871 4850 detentum
899 4773 1115 4883 Lagopum
1143 4769 1298 4855 sensim
1325 4767 1522 4882 hyemale
1537 4766 1671 4850 vellus
1684 4760 1885 4860 indu-isse,

209 4931 447 4994 remanente
472 4915 624 5002 ultinm
653 4917 808 5004 dorsali
837 4939 977 5004 tractu
1012 4922 1290 5027 lassescente,
1330 4921 1465 5004 donec
1493 4914 1639 5004 ethic
1668 4938 1892 5002 evanesce·
