4410 5910
252 360 342 464 306
1021 372 1172 424 Ξ*-

272 640 278 649 ·
418 581 554 694 (lutea
581 571 707 687 avis).
747 571 940 659 Buraetis
967 575 1117 660 chain.
1166 573 1373 690 Tangutis
1396 572 1559 661 Uulrbir.
1576 544 1582 555 Ι
1599 574 1802 662 Armenis
1827 576 1950 661 nan-

412 738 559 850 gusch.
634 726 791 812 Fennis
830 729 985 842 Uhpis3
1026 724 1284 813 Esthonibus
1310 729 1555 815 Juenneisse.
1623 727 1821 815 Votiacis
1853 730 1952 848 ij·

418 885 600 1002 Vogulis
624 881 743 977 thm
771 879 957 967 Ostiacis
983 882 1142 996 Pyy'uh,
1184 879 1424 967 Obensibus
1457 883 1734 971 Tschurssuch
1762 881 1836 967 vel
1861 880 1949 966 1εό-

418 1042 484 1136 lu,-
513 1031 855 1151 Deng·Ostiacis
883 1033 1352 1151 Hujahni31laragassis
1383 1035 1613 1131 Tschussur
1638 1032 1837 1122 Koibalia
1855 1034 1950 1119 Hu-

417 1194 536 1287 does·
563 1186 779 1303 Tawginis
805 1188 1058 1273 Mudundue.
1114 1187 1385 1300 Wassuganis
1414 1189 1568 1286 Ιινὸοῖις
1597 1187 1652 1272 ad
1671 1182 1949 1273 Tumchmrk

417 1347 644 1430 Pissaemu.
714 1336 1050 1425 Camtschadalis
1093 1339 1401 1427 Tschiachtsits.
1475 1338 1784 1456 Japouensibus
1827 1342 1948 1453 Figu-

417 1497 572 1584 ruderi.

390 1699 470 1779 Per
497 1720 667 1777 ornnem
695 1686 890 1775 Russiam
919 1718 968 1773 ac
997 1687 1217 1794 Sibiriam,
1247 1723 1269 1774 a
1298 1688 1449 1775 fimlrus
1478 1687 1730 1776 australibus
1756 1690 1813 1776 ad
1838 1716 1950 1777 mare

250 1845 430 1963 glaciale
459 1868 503 1930 et
530 1872 661 1959 usque
690 1845 743 1927 ad
773 1864 1011 1927 extremum
1045 1842 1174 1930 Asiae
1216 1845 1437 1958 angulum,
1481 1844 1785 1959 Oceanumque
1816 1840 1949 1928 orien-

247 2000 380 2085 talem
406 2000 606 2113 frequens
630 1992 835 2092 occurrit,
877 1995 1124 2108 praesertim
1149 1995 1309 2080 solens
1345 1996 1482 2111 sylvas
1510 2017 1555 2081 et
1600 1993 1695 2079 avia
1736 2017 1947 2095 montana,

194 2192 198 2197 ·
252 2180 392 2267 neque
419 2173 563 2236 tamen
592 2146 755 2264 campis
783 2143 1099 2231 australioribus
1128 2149 1269 2252 deest,
1312 2147 1359 2232 in
1400 2145 1508 2234 lucis
1548 2171 1594 2234 et
1633 2146 1815 2263 sylvulis
1843 2142 1949 2233 cire·

250 2304 424 2388 flumina
452 2302 601 2386 nidum
628 2302 830 2384 condens.
904 2305 999 2383 lmo
1038 2300 1084 2383 in
1119 2300 1260 2382 Insula
1295 2297 1568 2416 Phanagorea
1607 2301 1839 2413 (Tamen),
1878 2296 1948 2384 ubi

258 2451 424 2538 nullum
451 2453 596 2568 sylvae
625 2448 875 2565 vestigium,
905 2452 953 2536 in
981 2450 1217 2567 praeruptis
1245 2451 1422 2537 collium
1448 2452 1663 2555 incisuris,
1708 2455 1762 2536 ad
1792 2448 1947 2565 voragi-

260 2586 362 2691 nem
389 2602 653 2688 limivomam
681 2633 813 2720 prope
842 2603 1073 2689 Castellum
1111 2610 1302 2706 Novum,
1341 2626 1391 2687 ut
1431 2627 1476 2689 et
1515 2605 1561 2690 in
1602 2611 1754 2731 Monte
1794 2605 1947 2733 llogdo,

261 2757 529 2843 nidulantem
557 2753 705 2839 inveni
732 2755 779 2838 in
809 2752 967 2870 aprico.
1035 2756 1176 2868 Vulgo
1206 2756 1325 2841 nidus
1362 2756 1459 2841 loco
1501 2753 1789 2873 depressiore,
1830 2782 1947 2873 saepe

260 2905 308 2992 in
338 2910 485 2994 arbore
514 2907 676 3023 orgyali
706 2907 775 2990 vel
802 2905 848 2989 in
876 2935 982 3021 rupe
1008 2910 1208 3019 quadam,
1251 2906 1342 2993 sine
1384 2931 1472 2994 arte
1507 2907 1664 3024 plumis
1705 2931 1872 2996 stratus.
1896 2956 1947 2975 -·

260 3059 356 3145 Oua
382 3062 576 3174 globosa,
613 3066 673 3170 (¹³)
702 3055 955 3156 mediocria,
998 3059 1107 3143 alba.
1163 3061 1272 3146 Pulli
1299 3062 1547 3177 plerumque
1574 3061 1685 3147 temi
1713 3057 1945 3163 monstrosi,

258 3211 459 3326 lanugine
486 3210 676 3309 cinerea,
722 3211 839 3294 fusco
868 3210 1082 3295 undulata.
1107 3260 1165 3278 -
1198 3214 1454 3299 Adultorum
1482 3216 1524 3297 V
1520 3245 1577 3299 ox
1612 3242 1738 3328 saepe
1765 3211 1946 3298 interdiu

258 3365 503 3468 exauditur,
545 3362 592 3447 in
635 3362 847 3476 sylvarum
882 3359 1113 3448 solitudine
1151 3363 1353 3469 terrifica,
1396 3368 1661 3479 gemebunda
1679 3412 1744 3433 -·
1768 3367 1886 3465 Bau,
1909 3385 1948 3451 et

262 3519 427 3605 Uhulu't.
483 3514 732 3600 Lettonibus
760 3511 951 3598 ominosa
992 3516 1094 3602 avis.
1165 3516 1355 3601 Interdiu
1388 3541 1434 3604 et
1474 3520 1528 3604 ad
1568 3519 1711 3603 lucem
1751 3518 1948 3605 candelae

258 3667 423 3780 magnis
450 3666 586 3750 oculis
613 3665 739 3779 plane
768 3693 895 3750 coeca
924 3664 1034 3763 avis,
1075 3667 1319 3785 nyctalopia
1346 3650 1532 3786 perfecta
1557 3669 1776 3771 laborans,
1816 3693 1866 3755 ut
1892 3668 1950 3755 di·

260 3817 396 3933 gitum
436 3815 625 3930 pupillae
665 3844 799 3931 prope
839 3817 1056 3901 admotum
1100 3852 1185 3906 non
1226 3821 1437 3939 percipiat
1475 3819 1620 3938 prius,
1674 3853 1804 3939 quam
1844 3846 1954 3909 tacu

259 3965 458 4055 idda-
482 3965 698 4081 Unguium
725 3963 791 4051 vis
831 3970 885 4052 ad
925 3998 1016 4054 ossa
1058 3996 1295 4087 penetrans.
1364 3974 1545 4062 Aurium
1583 4006 1743 4094 pennus
1785 3974 1957 4064 Buram

260 4119 391 4210 idolis
418 4119 502 4207 suis
530 4115 665 4205 laneis
692 4148 771 4236 pro
796 4145 1044 4208 ornamento
1072 4125 1224 4242 capitis
1253 4129 1446 4215 adsuunt.

397 4328 442 4412 N
448 4346 534 4414 oto
568 4363 602 4412 1.
660 4326 769 4413 Cum
796 4326 953 4443 plumis
980 4358 1131 4443 magna
1157 4333 1284 4437 Avis3
1313 4338 1501 4445 detracta
1520 4337 1635 4454 pelle
1655 4339 1868 4455 Urogello
1887 4341 1964 4429 rui·

261 4504 353 4565 nor.
410 4480 621 4593 Pinguedo
648 4476 961 4595 copiosissima,
989 4482 1234 4586 flavissima,
1276 4488 1431 4575 oleosa.
1500 4492 1631 4578 ludes
1658 4522 1791 4580 aureo
1819 4496 1965 4585 colore

260 4626 564 4750 pulcherrimo.
621 4629 861 4747 Longitudo
889 4630 1082 4721 intestini
1111 4653 1158 4727 51
1191 4639 1419 4757 pollicum3
1447 4642 1569 4730 coeci
1596 4648 1657 4735 δ”.
1685 4647 1762 4736 6”’.

256 4780 574 4807 ——u———n

323 4859 377 4953 (')
401 4861 573 4936 Omnium
596 4865 719 4933 svium
742 4871 931 4959 rapacium
955 4889 1026 4943 ova
1052 4869 1274 4963 globositate
1301 4873 1513 4971 damnaria.
