4410 5910
269 409 360 521 276
1002 420 1179 485 ·-··-“Ξ’-·“Ξ

266 640 353 729 lere
380 634 677 739 tenacitatem,
713 631 921 748 cultrique
949 600 1120 720 crimem
1148 630 1285 719 aciem
1310 654 1564 751 respuente,
1589 636 1811 745 tumtum,
1824 698 1827 707 ·
1842 638 1957 764 qootl

265 791 376 882 nulli
403 791 725 907 quadrupedum·
750 816 906 901 organo
934 786 1170 904 comparari
1195 809 1349 904 potest.
1406 785 1570 873 similis
1586 792 1737 906 plexus
1760 797 1958 893 libram

251 944 579 1045 ’tendinearum,
618 939 665 1024 in
700 939 906 1033 circulum
943 963 1182 1039 acervatos,
1224 937 1537 1025 convexitatem
1574 967 1795 1035 externam
1829 953 1957 1070 epita·

264 1098 354 1185 culi
381 1100 554 1197 format,
591 1091 805 1206 oriturque
835 1122 1039 1177 concursu
1064 1092 1291 1177 tendineae
1318 1091 1588 1208 expansionis
1595 1156 1613 1194 ,
1646 1126 1730 1210 qua
1764 1104 1957 1218 adjacere

268 1274 333 1337 tes
362 1248 561 1361 utrinque
588 1243 798 1358 bragmati
826 1242 1006 1329 musculi
1042 1242 1240 1348 maximi,
1284 1242 1495 1360 spiraculo
1535 1238 1721 1363 pioprii,
1760 1252 1885 1343 inter-
1910 1288 1957 1347 ec

254 1421 551 1505 ·00ncurrunt,
591 1396 789 1510 fibrisque
830 1396 941 1482 circa
983 1396 1237 1512 spiraculum
1278 1399 1503 1485 flectuntur
1543 1419 1588 1483 et
1626 1407 1952 1500 confunduntur.

257 1560 498 1640 introrsum
525 1550 781 1666 spiraculum
806 1550 852 1634 in
882 1549 1122 1664 cylindrum
1157 1548 1402 1647 dilatatum,
1437 1551 1571 1665 paulo
1591 1575 1827 1646 annonam
1854 1564 1959 1651 obli-

255 1736 396 1823 'quum
421 1706 549 1789 refert
576 1706 725 1786 tubum
753 1703 976 1789 tendinosa
1006 1700 1237 1785 substantia
1264 1700 1614 1810 circumtextum,
1652 1707 1699 1793 in
1734 1709 1828 1829 ipsa
1860 1740 1958 1807 cute

266 1888 532 1974 suspensum,
563 1855 822 1967 inferiusque
851 1853 1102 1969 bipartitum·
1128 1876 1248 1968 septo
1275 1854 1824 1975 tendineo·cartilaginoco.
1880 1870 1959 1957 cu-

183 2014 185 2019 ’
264 2007 322 2097 tis
348 2013 497 2097 tubum
524 2008 638 2092 intua
666 2004 853 2090 vestiens
878 2009 930 2092 ab
966 2005 1128 2092 orificio
1163 2005 1347 2121 primum
1383 2007 1528 2112 nivea,
1565 2013 1731 2099 consita
1753 2022 1961 2129 folliculi·

266 2158 631 2273 oculi-oblongis,
663 2170 734 2244 δ”.
763 2156 1058 2271 longitudine,
1091 2158 1210 2243 nullo
1239 2158 1468 2273 conspicuo
1495 2161 1663 2249 orificio
1693 2170 1958 2259 excemeuti·

264 2316 366 2414 bus;
397 2311 553 2398 deinde
582 2309 738 2395 sensim
766 2339 849 2394 ceu·
871 2309 1051 2424 fuligine
1079 2309 1300 2426 nigrescit,
1341 2311 1538 2427 rugisque
1565 2317 1613 2399 fit
1637 2314 1958 2436 inaequalis...

250 2466 507 2580 singulares
536 2462 668 2548 etiam
695 2472 814 2548 sirum
846 2462 959 2548 circa
987 2486 1210 2547 externum
1237 2462 1495 2578 spiraculum
1521 2469 1761 2570 observati,
1781 2504 1959 2591 quorum

250 2619 350 2706 'tria
376 2618 512 2736 paria:
551 2624 777 2732 asperiores
802 2615 1094 2729 magnitudine
1130 2614 1203 2700 oti
1238 2614 1489 2728 gallinacei,
1521 2618 1633 2704 intra
1667 2630 1958 2740 supra-dictor

249 2774 479 2864 'musculos
515 2768 797 2885 bragmaticos
834 2766 1155 2872 delitescentes,
1194 2769 1392 2884 colloque
1427 2772 1624 2887 pollicari
1651 2778 1817 2865 fistulae
1844 2812 1959 2901 cupa·

266 2927 353 3014 rius
378 2921 548 3023 inserti,
577 2921 696 3008 ostiis
724 2923 825 3039 plus·
847 2919 1044 3035 pollicari
1070 2918 1230 3005 lumine
1258 2919 1485 3015 hiantibus:
1504 2948 1550 3012 et
1576 2924 1656 3011 vix
1679 2929 1815 3017 trium
1831 2933 1958 3021 linea·

265 3109 360 3165 rum
387 3077 620 3162 intervallo
642 3075 757 3158 inter
782 3105 825 3157 se
856 3071 1123 3158 distantibus,
1188 3072 1317 3157 Fiunt
1352 3072 1401 3158 hi
1435 3076 1559 3161 sinus.
1591 3108 1615 3164 e
1657 3105 1759 3169 cute
1799 3088 1957 3175 fietttloe

248 3231 435 3317 interna
461 3229 583 3344 nigra
610 3252 654 3314 et
681 3255 830 3341 rugosa
858 3223 1102 3309 continuata
1129 3247 1174 3309 et
1206 3255 1231 3310 e
1259 3235 1401 3311 tunica
1427 3232 1691 3320 vasculorum
1711 3267 1958 3329 nervorum·

246 3414 351 3501 ·que
378 3382 565 3468 maxima
592 3382 717 3496 copia
745 3400 968 3476 contexta,
1004 3408 1130 3493 quam
1158 3378 1346 3495 denique
1375 3383 1509 3468 ambit
1543 3393 1800 3475 involucrum
1834 3394 1957 3481 tendi·

246 3566 406 3640 naum,
436 3533 607 3620 lacertis
636 3531 819 3633 carneis,
854 3541 920 3613 1'''.
947 3530 1198 3636 latitudine,
1228 3562 1311 3645 per·
1330 3532 1555 3623 intervalla
1581 3539 1959 3655 longitudinalibut

264 3688 530 3774 instructum.
600 3684 765 3768 Tunica
800 3682 1016 3768 vasculosa
1052 3683 1223 3799 insuper
1258 3686 1430 3771 obsessa·
1455 3693 1682 3798 folliculis,
1726 3698 1882 3810 quales
1914 3700 1958 3785 in

268 3840 426 3942 fistula,
466 3835 540 3952 qui
569 3835 693 3921 vacui
720 3858 764 3921 et
792 3835 970 3950 collapsi
996 3835 1122 3921 facile
1151 3836 1363 3924 inflantur.
1389 3892 1447 3911 -·-
1484 3844 1605 3929 Sinna
1644 3849 1815 3933 secundi
1848 3862 1959 3969 paria

248 4012 391 4076 ‹antro
419 3990 581 4075 fistulae
610 3988 791 4074 inferius
814 3987 1080 4103 anteriusque
1107 3989 1336 4075 efformato
1358 4014 1403 4077 et
1427 4024 1503 4108 per
1524 4018 1691 4113 septum
1710 4002 1958 4091 tendineum

264 4141 494 4259 bipartito,
529 4141 688 4258 inquo
724 4137 773 4225 hi
800 4138 915 4224 sinus
943 4136 1091 4246 hiant,
1126 4142 1323 4255 oblongi,
1360 4149 1493 4236 fundo
1520 4181 1680 4237 sursum
1706 4176 1957 4268 epectantaa,

263 4295 476 4410 juglandis
503 4297 592 4381 lere
620 4324 818 4411 capaces,
855 4291 1121 4378 tenuioribus
1152 4296 1325 4381 conflati
1360 4284 1535 4408 tunicis,
1572 4302 1864 4423 folliculoque
1890 4314 1958 4397 de·

265 4448 420 4534 stituti.
448 4501 498 4516 -
546 4451 675 4534 Tertii
702 4456 816 4564 parit
842 4454 956 4532 mnus
982 4447 1109 4561 paulo
1135 4447 1310 4534 inferius
1338 4449 1384 4536 in
1419 4456 1599 4541 fistulam
1626 4452 1818 4565 hiantes,
1860 4466 1960 4551 refe·

264 4620 363 4684 runt
389 4601 549 4687 vesicae
577 4602 801 4715 oblongas,
830 4597 1132 4714 tripollicarea,
1171 4604 1333 4688 fistulae
1360 4606 1672 4707 circumflexam
1714 4614 1957 4705 verticibue

265 4778 349 4864 que
374 4749 488 4838 inter
513 4784 557 4839 ae
586 4750 886 4867 cohaerentes,
914 4781 1090 4868 quarum
1117 4755 1277 4870 pariter
1304 4757 1474 4844 tunicae
1501 4782 1673 4860 tenues,
1712 4792 1866 4855 canam
1893 4802 1956 4857 η.

263 4928 405 4990 cuum.
422 4956 469 4976 -
505 4905 564 4996 Hi
585 4904 703 4995 ainus
720 4934 809 4997 non
830 4902 921 4993 eine
942 4934 1109 4995 stimma
1129 4905 1224 4995 veri
1251 4910 1400 5024 specie
1421 4940 1500 5030 pro
1527 4911 1702 5033 organis
1725 4916 1954 5017 attremit·
