4410 5910
267 432 355 536 562
1025 440 1172 491 Ξ

271 649 333 736 cis
346 645 606 764 rupestribus
633 639 844 729 Dauuriae
872 639 1075 728 tractibus
1103 634 1294 725 omnium
1322 631 1612 753 copiosissima
1637 659 1702 724 est
1731 640 1846 747 aris,
1877 675 1961 735 mo.

268 802 434 889 ribusa
476 796 687 912 Vinagine
717 825 926 910 europaea
967 795 1081 877 baud
1111 784 1299 894 diversa,
1340 789 1576 905 itidemque
1615 794 1848 907 gregatim,
1888 804 1963 885 sed

267 953 481 1040 distinctis
507 956 731 1035 aTurture
759 947 934 1043 turmis,
962 944 1177 1030 interdum
1197 965 1241 1028 et
1260 973 1338 1060 per
1352 943 1497 1061 paria,
1521 942 1568 1029 in
1594 977 1750 1061 pascua
1778 952 1963 1053 evolans

267 1107 392 1192 nidos
420 1135 523 1189 vero
549 1101 597 1186 in
625 1101 887 1186 excelsarum
915 1097 1083 1214 rupium
1110 1098 1297 1200 fissuris,
1349 1095 1569 1201 cavernis,
1609 1100 1824 1213 speluncis
1852 1103 1966 1220 copi·

266 1288 361 1344 osos
402 1256 561 1342 condit.
600 1307 646 1323 -
687 1257 728 1338 V
725 1263 918 1337 onerates
959 1253 1209 1336 domesticae
1248 1251 1560 1350 columbarum,
1628 1254 1962 1358 adulteratione,

264 1409 438 1494 climate
456 1451 475 1504 ,·
494 1404 835 1503 monstrositate,
863 1403 1070 1516 lectisque
1104 1383 1324 1488 connubiis
1353 1400 1509 1486 sensim
1538 1402 1725 1491 humana
1753 1431 1846 1493 arte
1873 1441 1963 1526 pro

264 1561 445 1663 ductae,
481 1581 674 1644 ¹tantum
700 1556 746 1641 in
776 1555 950 1642 Rossiae
990 1555 1163 1641 urbibus
1191 1555 1385 1640 coluntur
1413 1585 1437 1638 a
1464 1555 1664 1661 curiosis,
1726 1562 1963 1677 danturque

125 1771 134 1781 -
259 1709 589 1829 pulcherrimae.
625 1763 658 1780 -
707 1707 889 1823 Insignis
916 1731 1155 1822 gutturosae
1183 1707 1385 1804 varietas,
1414 1708 1710 1822 praegrandis,
1740 1732 1835 1797 tota
1856 1717 1959 1819 rufa,

262 1865 444 1981 pedibus
472 1861 689 1981 pennatis,
729 1864 782 1944 ad
810 1861 1039 1946 volandum
1068 1858 1205 1974 gravis
1234 1882 1279 1944 et
1305 1889 1440 1977 paene
1467 1858 1636 1976 inepta,
1673 1891 1732 1948 ex
1759 1865 1961 1953 Anatolio

251 2019 449 2102 -adfertur
473 2016 520 2101 in
550 2014 860 2103 Chersonesum
887 2012 1108 2097 tauricam.

403 2173 578 2254 Descr.
608 2172 649 2253 V
647 2174 826 2279 magmis
852 2187 1109 2279 spontaneae
1137 2168 1191 2249 ad
1217 2167 1400 2280 Volgam
1426 2164 1820 2278 frequentissimae:
1860 2175 1959 2259 Cor·

260 2353 339 2439 pus
365 2321 828 2423 cano-coerulescens‚
858 2349 981 2431 supra
1008 2319 1272 2421 subfuscum‚
1312 2323 1457 2422 dorso,
1495 2349 1578 2434 qua
1605 2320 1683 2404 alis
1713 2324 1872 2436 tegitur
1896 2326 1961 2410 di.

258 2476 373 2578 lure,
411 2476 555 2558 subtus
583 2471 864 2574 dilutissime,
904 2494 949 2554 et
976 2469 1153 2554 crissum
1185 2470 1378 2555 albescit.
1446 2476 1641 2584 Iugulum
1669 2472 1853 2562 vinaceo
1879 2477 1957 2563 tin·

260 2649 394 2723 ctum·
422 2632 576 2711 oollam
602 2622 732 2707 viridi
767 2644 810 2704 et
838 2621 1029 2707 violaceo
1056 2620 1246 2705 variante
1274 2624 1484 2737 splendet.
1543 2625 1652 2710 Aloe
1677 2637 1848 2740 spuriae
1871 2631 1955 2713 lus·

252 2774 610 2888 co-inquinatae.
672 2777 875 2859 Tectrices
902 2772 1129 2888 primariae
1154 2776 1321 2875 fuscae,
1349 2795 1471 2857 extus
1498 2778 1865 2880 coendescentes3
1892 2809 1952 2866 sa-

253 2927 487 3013 sundariae
527 2950 572 3011 et
599 2936 772 3041 remiges
811 2928 1037 3041 pleraeque
1081 2927 1267 3012 exterius
1295 2961 1321 3012 a
1356 2928 1450 3015 basi
1490 2934 1545 3015 ad
1581 2929 1777 3016 medium
1815 2962 1951 3020 coeru-

257 3077 435 3165 lescenti
448 3129 463 3143 ·
478 3078 671 3177 albidas,
728 3101 772 3163 at
810 3077 986 3161 intimae
1026 3095 1067 3181 4.
1091 3077 1361 3193 'tandemque
1400 3082 1581 3195 remiges
1624 3083 1796 3167 macula
1837 3084 1953 3199 nigra

254 3252 492 3315 transversa
520 3253 703 3317 notatas.
761 3231 909 3315 Coudo
926 3228 1136 3342 aequalis,
1167 3232 1368 3334 obscura,
1397 3233 1661 3337 fuscescens,
1693 3264 1804 3321 zona
1827 3260 1954 3324 trans·

255 3410 398 3481 rarsa,
459 3379 595 3467 dilute
624 3412 759 3469 cano·
779 3379 1095 3466 coerulescente
1123 3403 1168 3463 et
1194 3382 1287 3466 basi
1314 3381 1517 3485 dilutior,
1573 3414 1717 3501 penna
1755 3391 1952 3503 utrinque

251 3535 416 3619 extima
457 3534 644 3619 exterius
683 3562 825 3619 versus
863 3533 983 3618 basin
1021 3532 1129 3618 alba.
1201 3535 1396 3620 Rostrum
1423 3537 1656 3622 livescente
1675 3587 1689 3603 ·
1705 3542 1949 3653 puniceum.

249 3689 386 3771 Pedes
412 3709 593 3771 saturare
621 3686 751 3773 rubri.
820 3688 952 3772 Irides
991 3687 1217 3771 brunneae.
1253 3688 1421 3774 Pondus
1457 3688 1674 3774 unciarum
1712 3705 1756 3784 δι
1787 3696 1841 3777 ad
1875 3712 1951 3787 rot.

257 3845 456 3926 Mensura
484 3842 538 3924 ad
580 3868 754 3955 uropyg.
784 3843 846 3951 7''.
875 3849 947 3924 6'''.
979 3837 1137 3922 caudae
1177 3846 1238 3926 δ”.
1266 3839 1402 3924 τοεῑτίλ
1417 3843 1471 3926 ad
1509 3845 1694 3929 frontem
1728 3846 1793 3929 δ”.
1832 3847 1949 3930 ulnas

250 3990 415 4074 alarum
444 3996 505 4101 7⁰.
536 3996 608 4099 9'''.
637 4021 915 4106 expansarum
953 3997 997 4076 ι’.
1033 4000 1115 4075 n“.
1146 3994 1217 4078 3'''.

394 4147 691 4230 Varietotis
715 4153 925 4260 mpicoloe
953 4144 1105 4254 (ΤΑΒ.
1136 4146 1333 4252 XXXV.)
1364 4144 1946 4239 dauuricaebln'desrubrss.

254 4299 417 4409 Caput,
452 4297 620 4380 dorsum
647 4297 758 4380 inter
785 4299 896 4400 alas,
939 4320 984 4381 et
1011 4304 1105 4382 olas
1131 4297 1248 4411 ipsae
1276 4298 1622 4385 coerulescentia.
1694 4303 1863 4389 Collum
1888 4324 1945 4386 to

251 4469 346 4532 tum
374 4449 623 4550 obscurum,
652 4447 846 4534 violaceo
859 4496 873 4514 ·
887 4447 1099 4559 viridique
1129 4450 1321 4553 varians,
1350 4450 1567 4535 sericeum.
1624 4453 1781 4539 Subtus
1801 4480 1945 4567 eorpus

254 4599 765 4687 commanenti-canum.
833 4607 941 4686 mae
967 4601 1110 4684 subtus
1153 4603 1288 4685 albae.
1349 4604 1613 4716 Uropygr'um
1648 4604 1822 4704 albom3
1873 4601 1943 4686 sed

256 4752 375 4835 bases
402 4754 683 4867 rectricesque
713 4755 872 4840 caudae
901 4784 1023 4869 supra
1050 4754 1505 4839 fusco-coerulescunt.
1563 4757 1713 4842 Gauda
1740 4755 1941 4871 aequalis,

256 4903 348 4990 basi
376 4906 713 5065 coemlesceoqu
749 4903 852 4993 lunc
882 4937 988 4996 zona
1015 4903 1103 4992 lata
1131 4904 1265 5009 albas
1307 4880 1575 4996 extremitate
1610 4903 1940 4996 coerulescenri·
