4410 5910
1017 430 1176 483 a.

535 629 1030 738 ‘XXXV.''B‘A
1075 628 1121 734 L
1167 629 1212 735 Α
1262 628 1305 734 Ε
1348 626 1411 736 ’Ν
1457 627 1502 738 Α
1551 624 1607 732 Ε
1724 652 1731 659 ’

392 875 441 955 In
469 897 622 984 genere
650 872 915 957 observatum
943 869 1024 954 fuit
1052 869 1256 971 Caracca,
1293 865 1395 952 inde
1423 868 1476 951 ab
1504 863 1615 953 ostio
1644 870 1788 952 Lanam
1814 894 1942 985 mque

254 1023 307 1107 ad
343 1021 675 1138 promontorium
703 1054 864 1109 sacrum
895 1027 1090 1135 (Swoetoi
1116 1022 1244 1130 Nos,)
1284 1018 1464 1105 Sibiriae
1498 1017 1686 1104 maxime
1726 1016 1942 1109 borealem

254 1195 439 1291 partem,
468 1196 639 1289 propter
664 1173 825 1259 vicinas
852 1195 898 1258 et
925 1171 1145 1260 continuas
1172 1170 1351 1286 glacies,
1380 1170 1496 1254 nulla
1517 1169 1693 1257 omnino
1713 1171 1941 1259 observari.

253 1326 359 1407 Inde
398 1347 539 1407 autem
567 1356 592 1408 a
627 1326 734 1409 freto
772 1323 979 1439 Beringii,
1021 1353 1098 1439 per
1139 1352 1310 1407 omnem
1345 1320 1597 1407 orientalem
1637 1323 1865 1409 Oceanum
1901 1345 1941 1410 et

255 1503 388 1589 usque
416 1475 462 1559 in
489 1476 603 1561 sinus
630 1474 885 1564 Ochotensis
914 1506 1096 1563 secessus
1125 1474 1439 1590 copiosisslmae
1468 1494 1691 1587 vagantur,
1733 1496 1780 1560 et
1808 1472 1940 1561 bomi-

253 1657 353 1712 nem
394 1627 571 1727 minime
610 1628 787 1728 timent,
828 1626 985 1744 quippe
1027 1658 1050 1710 a
1086 1627 1383 1740 jaculatoribus
1409 1656 1556 1740 parum
1586 1623 1727 1711 adhuc
1755 1628 1937 1713 territae.

253 1785 304 1864 In
330 1809 485 1895 genere
512 1803 654 1865 tamen
683 1779 796 1865 mole
825 1778 987 1865 minora
1015 1781 1309 1879 observantur,
1335 1810 1462 1894 quarn
1485 1808 1591 1892 quae
1615 1776 1663 1863 in
1693 1776 1805 1863 mari
1824 1776 1938 1865 arcti·

253 1960 305 2016 co
334 1930 445 2017 inter
473 1940 684 2049 Europam
723 1956 768 2016 et
793 1928 1036 2016 Americam
1065 1953 1300 2016 occurrunt.
1370 1931 1645 2021 Balaenarum
1672 1960 1864 2048 quoque,
1904 1929 1938 2016 si

254 2086 355 2168 fides
386 2082 561 2182 accolis,
591 2092 723 2197 major
750 2084 794 2168 in
817 2081 1092 2168 orientalibus
1114 2079 1297 2167 maribus
1313 2082 1548 2199 specierum
1571 2113 1790 2183 numerus,
1819 2112 1936 2200 quam

259 2233 383 2318 nobis
413 2231 630 2351 hucusque
658 2234 864 2332 innotuit,
906 2233 1063 2318 dicitur
1090 2263 1327 2338 occurrere,
1368 2234 1551 2348 ideoque
1579 2265 1665 2318 non
1692 2234 1776 2321 erit
1804 2264 1934 2351 super·

255 2385 382 2467 fluum
410 2380 484 2470 hic
513 2416 754 2473 enumerare
782 2406 989 2502 quotquot
1010 2414 1034 2467 e
1055 2384 1329 2471 relationibus
1357 2384 1718 2502 hyperboreorum
1740 2387 1932 2502 colligere

259 2536 402 2618 datum
432 2537 511 2621 fuit
540 2540 775 2655 specierum
805 2540 875 2623 vel
902 2538 1152 2623 varietatum
1179 2539 1362 2623 umbras:

397 2720 430 2769 r.
462 2687 651 2774 Maxima
679 2692 861 2775 Balaena
887 2690 1125 2803 Canagicae
1154 2690 1388 2774 aleutorum
1415 2666 1560 2804 lingua
1582 2689 1822 2805 appellatur
1845 2691 1931 2777 Une

251 2842 406 2947 gullic,
436 2869 583 2952 quam,
613 2841 649 2925 si
677 2842 782 2926 fides
807 2843 958 2942 verbo,
998 2841 1145 2925 dicunt
1180 2843 1232 2924 ad
1261 2841 1566 2957 quinquaginta
1600 2868 1828 2955 orgyarum
1852 2840 1931 2925 lou·

255 2985 495 3100 gitudinem
522 3020 781 3079 excrescere.
846 2997 1043 3078 Lanmrae
1070 3015 1213 3075 tamen
1239 3020 1420 3078 corneae
1447 2993 1517 3078 illi
1545 2994 1716 3097 breves,
1752 2992 1929 3090 inutiles,

252 3134 337 3222 nisi
362 3168 439 3253 pro
468 3143 698 3228 asserculis.
758 3152 833 3229 Est
861 3142 967 3228 haec
995 3173 1141 3258 parurn
1169 3142 1356 3257 pinguis,
1385 3142 1562 3229 minime
1586 3143 1633 3228 in
1654 3146 1796 3229 dorso.
1838 3146 1928 3230 Ver·

254 3308 315 3375 ter
340 3289 507 3405 planus,
545 3293 657 3408 mgis
686 3318 841 3396 aratus3
882 3324 977 3379 ossa
1005 3323 1089 3379 non
1119 3296 1347 3381 admodum
1374 3318 1606 3410 compacta.
1677 3300 1771 3407 (An
1800 3296 1928 3381 Balae

252 3470 308 3525 na
335 3441 634 3569 Mysticetust)

394 3625 432 3675 a.
460 3594 644 3680 Balaena
669 3596 883 3713 Canagice
909 3602 1176 3696 Culammoh,
1212 3600 1272 3682 ad·
1303 3597 1477 3712 triginta
1502 3628 1731 3714 orgyarum
1757 3598 1926 3714 longitu-

256 3738 403 3825 dinem
429 3742 589 3829 dicitur
624 3748 841 3864 attingere.
910 3756 1108 3834 Laminae
1146 3778 1323 3834 corneae
1364 3749 1466 3836 huic
1500 3752 1792 3866 longissimae,
1835 3752 1925 3836 adr

255 3920 405 4019 orgyas
445 3898 697 4012 quandoque
740 3924 1019 4015 assurgentes,
1059 3930 1085 3984 e
1124 3931 1304 4016 quarum
1326 3901 1441 3988 fibris
1469 3904 1577 3989 retia
1604 3926 1648 3990 et
1676 3902 1858 3991 chordas
1881 3912 1923 3987 rt

253 4044 447 4158 orgyales
473 4076 552 4171 pro
578 4051 741 4165 magnis
767 4048 905 4137 hamis
945 4074 1157 4167 torquent.
1222 4059 1288 4137 Ex
1316 4084 1398 4138 una
1424 4055 1584 4140 lamina
1619 4058 1833 4171 prodeunt
1856 4052 1926 4147 fila

254 4227 362 4311 quae
388 4198 512 4283 nodis
538 4228 733 4287 connexa
757 4203 940 4317 triginta·
973 4234 1195 4319 orgyarum
1237 4205 1550 4319 longitudinem
1588 4208 1781 4325 explent.
1847 4206 1924 4289 rt»

247 4351 427 4460 guedtne
453 4349 572 4437 dives
601 4376 684 4451 est;
713 4359 848 4457 formo
873 4356 1061 4470 corporis
1087 4354 1369 4469 cylindracea.
1440 4360 1549 4447 Ossa
1578 4362 1631 4445 ad
1656 4354 1921 4445 construendt

252 4500 417 4614 tuguria
444 4522 490 4585 et
515 4504 800 4618 promptuaria
828 4501 1096 4592 adhibentur.

389 4666 429 4739 3.
457 4652 638 4737 Balaena
665 4658 866 4741 Allomolt
903 4657 1116 4772 Canagice
1156 4656 1294 4760 dicta,
1339 4690 1552 4774 nunquam
1582 4677 1606 4749 5
1635 4661 1780 4777 orgyis
1806 4662 1916 4763 major

251 4827 342 4885 esse
366 4803 491 4887 solet.
545 4804 758 4920 Pinguado
785 4808 918 4894 multa
949 4831 993 4895 et
1020 4841 1114 4895 osso
1142 4832 1384 4924 compacta,
1425 4816 1501 4937 sed
1540 4822 1722 4905 lamnae
1760 4827 1914 4901 corneto

250 4947 320 5040 illi
347 4953 507 5040 breves.
