4410 5910
1041 369 1190 432 ιε·
1860 379 1958 481 '227⁵

265 599 485 698 parentur.
542 571 773 691 Captorum
815 569 957 664 arania
995 570 1234 685 Samojedi,
1275 570 1385 688 palie
1427 573 1597 677 sutas,
1636 599 1715 692 pro
1756 576 1964 687 sacrificio

265 750 496 821 statuunt·
527 729 670 815 Etiam
698 727 811 814 circa
839 725 1083 817 Americam
1111 748 1158 809 et
1191 725 1240 815 in
1266 725 1386 812 omni
1411 727 1519 815 mari
1552 730 1684 817 boreo
1722 733 1963 846 frequentes

265 903 367 971 aunt
381 903 438 988 2et
463 880 668 971 inflario
696 885 738 966 S.
767 877 985 969 Laurentii
1013 881 1262 992 Quebecum
1282 909 1412 993 usque
1436 880 1606 966 favente
1648 905 1765 967 aestu
1793 885 1965 1005 adscenf

266 1038 388 1126 dunt.
402 1094 414 1129 ι,
444 1034 788 1152 Descriptionem
816 1029 1115 1151 prolixiorem,
1143 1063 1240 1116 cum
1267 1037 1480 1117 Anatome
1509 1056 1554 1118 et
1582 1033 1779 1122 leonibus
1807 1034 1961 1124 mereri

266 1187 439 1279 videtu
465 1185 573 1275 haec
600 1186 764 1303 species
793 1217 817 1274 a
843 1184 1014 1277 nemine
1043 1214 1099 1276 ex
1127 1185 1313 1301 professo
1340 1185 1565 1301 descripta.

403 1343 577 1427 Descr.
634 1335 794 1457 Corpus
834 1315 1245 1452 duodecimpedale,
1287 1338 1630 1444 teretiusculum,
1673 1339 1962 1427 subventrico·
2102 1358 2106 1366 '

266 1521 380 1593 tum,
422 1523 563 1578 versus
601 1496 778 1579 caudam
811 1490 1257 1589 tereti-attenuatum,
1300 1522 1442 1576 versus
1478 1514 1605 1606 caput
1646 1493 1873 1597 declivius,
1914 1491 1964 1597 itt
2032 1499 2035 1508 '

264 1645 413 1736 medio
456 1647 580 1730 dorso
621 1645 775 1730 leviter
814 1646 1004 1760 gibbum·
1074 1648 1211 1760 Caput
1247 1667 1379 1731 rostro
1418 1648 1565 1730 obtuse
1604 1645 1733 1759 gibbo
1760 1669 1961 1752 retusum,

268 1810 352 1888 oris
380 1819 575 1912 apertura
605 1795 815 1883 mediocri
841 1797 1059 1912 obliquata
1087 1800 1163 1881 sed
1190 1800 1365 1886 reducto
1399 1798 1508 1882 rictu
1542 1799 1794 1899 dilatabilis3
1831 1808 1963 1914 spira·

252 1959 361 2040 culo
396 1949 443 2033 in
478 1949 621 2039 medio
661 1949 822 2038 vertice
863 1947 1053 2035 solitario
1094 1949 1261 2047 lunato,
1300 1951 1469 2035 vulvula
1506 1949 1789 2051 conniventer
1831 1928 1963 2052 oculis

263 2101 429 2223 parvis,
470 2102 637 2189 naribus
670 2103 820 2201 nullis,
856 2112 969 2219 poris
1004 2103 1223 2222 auditoriis
1258 2100 1461 2187 minimis.
1531 2106 1685 2193 Pinnae
1725 2104 1960 2218 pectorales

174 2343 177 2351 ,
259 2284 346 2371 pro
375 2253 489 2339 mole
517 2253 712 2342 animalis
740 2253 1001 2339 minusculae
1036 2255 1511 2369 ovato-trapezoideae;
1554 2255 1857 2371 pinguinosae,
1897 2254 1960 2341 in·

263 2427 334 2493 tus
371 2404 557 2520 quinque
596 2406 828 2521 digitorum
865 2404 1146 2523 phalangibus
1183 2407 1401 2509 suffultae,
1439 2438 1546 2523 quae
1580 2430 1698 2493 tactu
1724 2406 1962 2525 percipien-

263 2560 368 2658 dae3
397 2556 572 2644 dorsalis
600 2559 729 2648 nulla.
794 2561 928 2647 Pirum
954 2561 1114 2648 caudae
1148 2560 1314 2661 biloba‚
1349 2558 1459 2646 labis
1497 2560 1824 2676 approximatis,
1843 2530 1846 2535 ¹
1866 2563 1963 2662 sub·

263 2710 588 2826 triangularibus
616 2735 809 2801 extremo
835 2710 1066 2799 latissimis.
1131 2716 1315 2801 Maxilla
1342 2737 1518 2828 utraque
1547 2716 1742 2815 dentata,
1780 2744 1866 2803 uon
1900 2743 1962 2807 et·

263 2862 323 2951 tia
349 2861 633 2951 determinato
658 2865 854 2970 numero,
897 2862 1019 2980 apice
1061 2867 1306 2968 edentulam
1348 2868 1488 2954 dentes
1529 2865 1756 2971 distantes,
1800 2868 1963 2975 alterne

262 3029 493 3119 coeuntes,
532 3013 579 3100 in
623 3029 827 3136 superiore
870 3019 1047 3105 maxilla
1087 3019 1285 3135 utrinque
1328 3023 1382 3109 ad
1419 3039 1595 3122 novem,
1639 3017 1960 3127 conica-acuti,

264 3189 502 3253 antrorsum
536 3167 756 3275 inclinati,
800 3171 964 3286 poetice
999 3174 1221 3271 excavati,
1261 3172 1309 3257 in
1343 3177 1530 3281 irfferiore
1565 3193 1664 3255 octo
1700 3172 1771 3254 vel
1804 3199 1961 3257 novem

260 3319 430 3420 obtusi,
458 3321 687 3409 anteriores
717 3344 949 3411 annorsum
975 3327 1231 3442 posteriores
1260 3343 1486 3411 retrorsum
1510 3318 1723 3441 inelimati
1752 3321 1861 3431 (vid.
1874 3321 1960 3421 ico·

262 3500 369 3561 nem
394 3472 530 3559 cranii
557 3475 604 3561 in
631 3480 817 3563 itinerar.
847 3476 935 3562 mei
965 3483 1057 3571 Vol.
1087 3481 1199 3587 HL).
1254 3481 1306 3563 In
1335 3471 1567 3580 junioribus
1596 3471 1789 3559 dentium
1817 3503 1960 3573 nume·

242 3654 348 3723 ,rus
363 3612 448 3711 uno
474 3626 664 3714 alterove
693 3627 844 3716 minor.
861 3681 911 3698 -
935 3632 1199 3742 spiraculum
1234 3657 1307 3716 seu
1343 3628 1481 3717 fistula
1521 3634 1565 3738 (e
1593 3655 1677 3742 qua
1706 3657 1858 3744 aquam
1884 3656 1958 3715 ore

261 3798 497 3893 resorptam
520 3777 625 3865 satis
667 3781 751 3869 alte
778 3783 978 3893 ejaculat)
1021 3783 1168 3870 medio
1195 3779 1359 3866 vertice
1383 3777 1495 3871 inter
1520 3781 1667 3867 oculos
1686 3779 1959 3868 convexitate

261 3958 393 4015 ovum
421 3931 702 4045 gallinaceum
731 3956 937 4048 aequiante
964 3935 1199 4050 prominet,
1235 3954 1430 4049 apertura
1468 3933 1640 4048 gemino
1674 3962 1774 4020 arcu
1800 3934 1959 4041 lunata,

263 4105 315 4169 ut
340 4083 460 4198 quasi
487 4087 647 4200 duplex
675 4104 896 4202 appareat,
928 4089 1210 4210 ,longitudine
1238 4083 1502 4200 tripudiasti,
1545 4109 1592 4173 et
1633 4085 1707 4170 rix
1743 4084 1873 4182 trium
1897 4087 1958 4185 ‘ll-

263 4264 439 4322 nestum
467 4237 604 4353 spatio
633 4236 769 4331 hians.
826 4239 948 4328 Cutis
975 4272 1052 4354 per
1078 4240 1287 4328 orificium
1320 4236 1440 4350 quasi
1473 4237 1705 4332 inflectitur
1738 4259 1784 4334 et
1815 4239 1958 4351 antice

263 4389 421 4474 format
446 4397 661 4481 adnularn
679 4392 957 4506 :pupillarem
984 4395 1182 4497 mollem,
1221 4389 1466 4507 epiglottidi
1490 4389 1843 4505 comparabilem,
1886 4423 1958 4490 ex·

264 4562 409 4627 ternas
435 4539 610 4656 injurias
638 4520 863 4635 meantem.
922 4546 1042 4635 Cutis
1070 4545 1116 4640 in
1146 4546 1314 4637 vulvula
1341 4544 1416 4637 vix
1447 4556 1517 4629 2'''·
1545 4571 1705 4647 crassa,
1745 4547 1819 4640 ssd
1841 4544 1959 4642 intus

265 4697 421 4785 format
449 4717 496 4781 et
520 4696 699 4785 sustinet
727 4697 920 4788 rnlrulae
948 4697 1210 4814 inspeciem
1246 4729 1396 4801 carnus
1421 4694 1643 4811 insignirer
1669 4700 1974 4811 protuberans

269 4830 517 4968 bipollicari
543 4849 770 4971 ormino,
788 4854 1037 4975 e-libramm
1054 4853 1360 4947 ,resumtum
1386 4852 1518 4969 plexu
1554 4850 1746 4949 enslin
1772 4850 1977 4966 limera

1508 5014 1527 5057 a
