4410 5910
255 388 352 505 ι196
1025 409 1171 461 -·····--

260 616 357 702 leve
384 639 487 701 onus
515 609 759 730 imponitur.
829 608 1026 699 Triennis
1055 610 1109 695 ad
1135 607 1298 696 minora
1326 639 1452 696 onera
1479 610 1686 726 portanda
1721 608 1830 723 (CC.
1867 608 1944 697 cir·

256 769 364 855 citer
391 768 613 876 librarum)
643 763 840 852 adhiberi
867 786 1008 881 potest
1036 785 1080 848 et
1107 786 1256 879 quarto
1284 763 1488 878 quintove
1522 784 1738 849 castratur.
1793 764 1946 850 Adulti

256 917 303 1004 in
331 919 457 1035 longa
485 918 639 1003 itinera
665 924 783 1004 XVI.
812 920 957 1032 pondo
984 915 1140 1000 rusaica
1163 923 1261 1028 (640
1278 915 1395 1028 libr.)
1425 918 1551 1003 facile
1571 937 1762 1032 portant,
1788 914 1838 1001 iu
1857 918 1947 1002 bre·

259 1100 332 1155 ves
359 1080 556 1186 trajectus
584 1072 639 1154 ad
674 1089 724 1174 40
760 1073 904 1187 pondo
940 1099 1070 1184 usque
1107 1069 1324 1153 sustinent.
1393 1067 1625 1184 Tugurium
1664 1066 1950 1153 Nomadicum

256 1251 331 1307 sau
358 1227 495 1310 Scena
523 1223 686 1336 integra
715 1221 842 1308 unico
869 1221 1116 1336 imponitur.
1174 1228 1287 1305 Lana
1325 1251 1397 1305 sua
1431 1244 1476 1306 et
1507 1221 1623 1336 pelle
1661 1243 1705 1305 et
1731 1217 1949 1334 portandis

227 1340 503 1491 'praesertim
533 1374 727 1460 oneribus
758 1397 802 1459 et
828 1377 937 1459 lacte
966 1398 1061 1460 sunt
1080 1373 1218 1459 utiles.
1291 1379 1375 1459 Lac
1395 1404 1481 1458 non
1501 1375 1704 1472 fundunt,
1730 1373 1816 1458 nisi
1834 1404 1951 1491 praa·

258 1525 370 1610 senti
396 1524 589 1612 hinnulo.
646 1551 792 1642 estque
828 1526 1165 1643 pinguissimum.
1234 1531 1348 1610 Lana
1391 1528 1442 1610 ab
1481 1523 1692 1610 immixtis
1727 1524 1834 1641 pilis
1864 1556 1951 1613 cre·

259 1677 346 1765 bris
374 1702 626 1796 expurgata,
662 1680 803 1765 colore
832 1703 876 1764 et
904 1677 1088 1764 mollitie
1116 1707 1249 1794 prope
1278 1680 1331 1761 ad
1370 1675 1589 1763 Vicunnae
1624 1676 1741 1762 lanas
1770 1678 1950 1782 accedit,

256 1860 337 1946 pro
377 1860 517 1947 panno
553 1830 731 1948 aliisque
771 1830 994 1918 textilibus
1022 1855 1067 1916 et
1094 1829 1267 1916 coactili
1295 1814 1422 1944 opere
1453 1833 1688 1915 commoda.
1744 1828 1953 1919 Hinuulo·

258 2013 353 2070 rum
380 2011 526 2069 carnes
553 1983 726 2099 sapidae
754 1984 974 2084 dicuntur;
1005 1987 1081 2068 sed
1109 2007 1204 2068 sunt
1230 1982 1343 2067 inter
1369 1983 1582 2067 Nomadas
1611 1980 1856 2098 principum
1881 1986 1954 2070 da·

259 2165 350 2253 pes.
418 2137 490 2218 Ad
527 2134 833 2250 equitationem
870 2136 995 2251 plane
1023 2159 1119 2222 sunt
1155 2134 1347 2239 inutiles,
1390 2165 1513 2249 passu
1552 2133 1668 2218 enim
1697 2137 1804 2220 adeo
1833 2136 1957 2251 gravi

260 2314 305 2378 at
332 2285 592 2373 succutiente
622 2286 886 2402 gradiuntur,
923 2309 972 2372 ut
996 2286 1226 2373 insidentes
1254 2317 1355 2404 prae
1381 2285 1629 2401 fatigatione
1651 2308 1697 2371 et
1716 2285 1957 2379 interaneo-

259 2472 355 2527 rum
382 2469 516 2556 paene
544 2438 799 2525 laceratione
828 2464 1041 2555 nequeant
1066 2444 1265 2556 perferre.
1323 2444 1408 2525 Sed
1438 2440 1491 2525 ad
1513 2438 1736 2525 transitum
1757 2469 1836 2555 per
1857 2436 1958 2557 pro·

260 2591 480 2678 fundiores
505 2622 630 2705 aquas
657 2591 813 2677 servire
842 2616 1028 2708 possunt.
1092 2591 1409 2679 Tauro-Tatari
1437 2621 1508 2676 eos
1536 2591 1731 2707 plaustris
1757 2599 1957 2707 jungunt,

262 2775 344 2861 ope
373 2743 598 2829 transversi
623 2745 713 2858 jugi
741 2742 853 2828 inter
879 2747 1038 2831 collum
1067 2770 1111 2831 et
1138 2744 1323 2862 primum
1350 2743 1499 2857 gibber
1525 2740 1737 2859 impositi3
1766 2743 1847 2829 tali
1867 2775 1960 2834 mo·

260 2901 317 2985 do
345 2898 416 2983 vel
443 2892 631 2982 maxima
658 2925 786 2982 onera
814 2897 1046 2982 autumnali
1074 2923 1287 3012 tempore,
1317 2925 1415 2978 cum
1442 2924 1578 3010 paene
1605 2893 1748 2980 inviae
1766 2919 1865 2981 sunt
1894 2927 1961 2983 re·

263 3048 433 3164 giones,
460 3046 586 3134 facile
615 3046 801 3135 trahunt.
858 3047 1042 3162 Fatigati
1071 3072 1213 3134 autem
1238 3049 1521 3163 procumbunt
1548 3069 1593 3134 et
1620 3048 1752 3134 nullis
1769 3047 1964 3137 verberi·

260 3202 340 3289 bus
367 3232 391 3287 e
420 3202 517 3289 loco
543 3199 651 3317 pelli
679 3222 871 3314 possunt,
903 3200 1032 3286 etiam
1060 3199 1188 3285 nimis
1217 3197 1405 3303 onerati,
1441 3202 1515 3285 sed
1542 3230 1683 3287 morsu
1709 3222 1755 3287 et
1781 3203 1962 3288 saburra

260 3351 490 3441 ventriculi
518 3382 712 3439 succusso
731 3350 882 3469 capitis
912 3359 1053 3466 ejectu
1079 3383 1122 3437 se
1153 3353 1398 3441 defendrnt.
1454 3353 1654 3440 Ululatus
1681 3353 1961 3455 camelomm.

257 3506 507 3623 praesertim
547 3504 829 3621 vespertinus,
873 3506 1000 3618 longe
1042 3504 1352 3603 exaudiendus,
1391 3505 1550 3619 partim
1585 3504 1694 3593 asini
1728 3506 1959 3617 rudientis,

258 3659 415 3773 partim
431 3659 547 3744 canis
567 3657 768 3742 ululantis
790 3653 954 3743 similis.
1012 3658 1190 3742 Ululant
1213 3679 1353 3741 autem
1376 3653 1613 3744 hianteore.
1636 3711 1686 3725 -
1715 3661 1847 3773 Apud
1874 3668 1960 3749 Bu·

257 3831 394 3893 raetos
422 3807 578 3922 singuli
612 3806 790 3911 cameli,
828 3805 932 3894 licet
960 3808 1096 3893 multo
1125 3808 1331 3913 minores,
1357 3833 1457 3894 octo
1483 3811 1555 3897 vel
1582 3812 1731 3897 dacem
1758 3813 1883 3928 equis
1911 3836 1961 3901 et

256 3977 310 4064 4ο
342 3958 607 4047 Rublonibus
635 3959 917 4047 aestimantur.
986 3961 1226 4050 Calmuccis
1258 3960 1305 4046 in
1333 3963 1468 4048 multo
1494 3964 1645 4078 majori
1673 3990 1770 4053 sunt
1794 3970 1959 4085 pretio,

253 4110 372 4199 etin
400 4112 581 4199 Taurica
617 4114 726 4198 ultra
762 4138 932 4201 centum
968 4113 1234 4201 Rublonibus
1269 4138 1475 4203 constant.
1544 4119 1656 4235 Equi
1682 4150 1767 4206 non
1794 4120 1961 4211 assueti

248 4266 433 4352 camelos
473 4264 797 4381 perhorrescunt
838 4289 883 4353 et
924 4271 976 4354 ab
1018 4267 1071 4353 iis
1110 4267 1156 4352 in
1198 4269 1341 4383 fugam
1370 4294 1568 4385 aguntur,
1608 4274 1719 4359 unde
1746 4271 1793 4359 in
1822 4273 1961 4365 bellis

249 4441 397 4505 contra
425 4417 659 4534 equitatum
686 4423 884 4536 prodesse
912 4443 1099 4536 possunt.
1155 4423 1228 4506 Ad
1254 4423 1536 4529 Plescoviam,
1574 4424 1695 4511 brevi
1720 4450 1818 4541 post
1845 4434 1960 4521 Nar·

248 4601 421 4657 vensem
448 4571 636 4674 cladem,
674 4570 911 4688 equitatum
951 4578 1179 4660 Suecorum
1205 4573 1251 4663 in
1279 4577 1422 4688 fugam
1458 4599 1672 4691 verterunt
1710 4580 1870 4667 cameli
1899 4586 1959 4671 ab

249 4722 484 4810 auxiliariis
512 4724 750 4813 Calmuccis
777 4725 824 4811 in
852 4727 1033 4842 primam
1063 4728 1198 4815 aciem
1227 4728 1312 4817 acti
1339 4731 1481 4842 (Perr
1486 4762 1521 4842 y
1547 4733 1660 4816 State
1707 4736 1758 4842 os
1781 4735 1959 4833 Burrio,

253 4872 454 4981 London,
496 4891 612 4993 1716.
642 4892 720 4969 8νο
748 4914 789 4997 p.
820 4887 934 4997 277·)
999 4883 1162 4970 Cameli
1194 4881 1405 4972 foeminae
1434 4881 1586 5001 quibus
1614 4913 1765 4973 exosus
1793 4882 1961 4979 hinnu-
