4410 5910
251 371 343 483 246
1015 397 1178 451 επ.

259 628 365 685 caua
392 595 640 682 descendens
656 593 742 697 'ubi
767 592 1003 711 ingreditur
1029 591 1335 712 pericardium,
1371 597 1478 683 alter
1498 612 1670 687 umero
1691 592 1871 685 sinister
1892 626 1956 689 aa·

260 753 446 838 cundum
475 752 691 834 vertebras
719 751 1002 848 descendens,
1032 780 1069 837 ¹a
1095 749 1380 864 superioribus
1416 747 1601 864 pectoris
1628 748 1736 837 locis
1763 782 1957 843 cruorem

260 900 434 1017 colligit
460 924 508 986 et
534 900 724 987 infundit
752 902 798 987 in
826 903 1056 989 auriculam
1080 899 1222 987 cordis
1248 902 1466 1000 dextram,
1504 923 1601 1017 post
1625 900 1863 1017 ingressum
1885 936 1956 993 ca·

258 1087 336 1142 uae
354 1055 674 1151 adscendentis,
700 1085 823 1170 supra
849 1053 1039 1143 valvulas
1063 1051 1372 1166 tricuspidales.
1390 1106 1449 1123 -
1479 1056 1645 1143 ,Ductus
1670 1059 1957 1149 tharacicuto

258 1208 391 1294 tribus
419 1204 569 1291 rivulis
596 1204 705 1289 infra
730 1203 1066 1322 diaphragmatis
1095 1234 1311 1320 processus
1330 1208 1559 1306 collectus,
1586 1206 1699 1293 inter
1725 1230 1890 1295 aortam
1909 1231 1957 1299 et

255 1389 419 1474 azygon
446 1357 664 1473 procedit,
706 1357 898 1443 crassitie
925 1356 1109 1441 anserini
1136 1358 1313 1458 calami,
1349 1357 1616 1473 longitudine
1644 1358 1862 1475 bipedali3
1890 1392 1957 1449 ca·

255 1512 396 1597 nalem
423 1509 632 1624 insignem
659 1510 814 1624 recipit
843 1543 867 1594 a
893 1511 1093 1624 glandula
1114 1508 1362 1627 oesophago
1404 1510 1624 1597 adsidente
1666 1512 1788 1626 quasi
1823 1512 1956 1628 gerni·

254 1694 330 1762 na,
355 1662 567 1748 liudbelu'o
593 1669 679 1776 jam
700 1665 926 1748 observata
951 1686 998 1747 et
1024 1661 1273 1749 inseritura
1311 1664 1436 1749 dorso
1476 1671 1704 1777 conjuncto
1745 1694 1955 1757 senarum

253 1814 508 1933 jugularium
534 1838 697 1902 trunco.
711 1868 769 1883 —
797 1820 847 1900 ln
874 1817 980 1900 dura
1005 1848 1211 1929 menynge
1237 1813 1519 1901 robustissimi
1559 1844 1776 1932 processus
1824 1840 1953 1905 trans·

254 1966 386 2072 versi,
430 1966 476 2051 in
518 1968 792 2054 substantiam
821 1967 1088 2070 tendineam,
1132 1969 1220 2052 fere
1261 1965 1511 2082 pollicarem
1551 1989 1799 2055 crassantur.
1870 1972 1953 2077 Par

253 2130 438 2236 quintam
465 2149 688 2206 nervorum
717 2119 881 2206 cerebri
910 2118 1143 2203 maximum
1166 2120 1375 2203 referebat
1388 2118 1725 2225 infundibulum,
1753 2151 1843 2237 quo
1861 2152 1952 2239 por·

252 2270 325 2357 tio·
345 2270 487 2386 aliqua
514 2272 681 2357 cerebri
707 2272 1004 2389 recipiebatur.
1029 2318 1088 2337 -·
1125 2273 1302 2386 Priapus
1329 2271 1408 2356 Uri
1435 2271 1640 2358 biulnaris
1684 2280 1757 2385 (4'.
1786 2277 1872 2387 δ”.)
1900 2274 1952 2365 ad

253 2421 441 2507 radicem
469 2429 530 2509 δ”.
559 2455 755 2540 processu
782 2430 843 2545 4⁰.
873 2428 927 2511 ad
955 2426 1153 2539 glandem
1184 2423 1244 2508 a‘'.
1271 2421 1478 2511 crassitie.
1546 2428 1811 2513 Retractores
1838 2456 1950 2543 prae·

260 2574 372 2691 putii
400 2575 705 2678 robustissimi,
733 2582 787 2665 ab
815 2610 908 2665 osse
933 2579 1094 2664 caudae
1122 2577 1353 2662 secundum
1389 2576 1461 2662 ani
1488 2574 1779 2693 sphincterem
1808 2580 1950 2667 decur-

255 2750 414 2833 rentes,
451 2730 629 2814 abortu
651 2729 842 2817 crassitie
870 2730 1074 2849 pollicem
1103 2751 1310 2845 aequante
1349 2759 1490 2820 versus
1524 2727 1795 2846 praeputium
1837 2732 1949 2837 adta-

257 2879 390 2965 nuati.
446 2884 517 2967 Ab
546 2885 793 2970 erectoribus
817 2884 895 3001 qui
929 2886 1007 2969 sub
1049 2881 1194 2969 radice
1231 2911 1458 2997 corporum
1494 2911 1823 2969 cavernosorum
1862 2914 1948 2971 nat·

257 3055 429 3139 cuntur,
458 3033 552 3119 bini
577 3034 728 3150 exigui
748 3040 982 3152 procedunt
1002 3033 1205 3134 musculi,
1231 3034 1457 3121 tendinoso
1484 3038 1568 3121 fine
1589 3036 1810 3149 glandulis
1835 3040 1946 3139 Con,-

256 3185 636 3301 permutarent,
673 3219 775 3303 quas
812 3188 857 3273 in
885 3211 1026 3276 oestro
1054 3215 1237 3273 venereo
1265 3185 1543 3302 comprimere
1572 3186 1788 3275 videntur.
1841 3194 1944 3275 Hae·

254 3338 480 3452 glandulae
508 3344 586 3428 sub
615 3344 958 3428 acceleratorr'bus
992 3337 1157 3457 positae
1192 3361 1238 3423 et
1264 3340 1502 3425 avellanam
1530 3363 1781 3455 aequantes,
1821 3342 1941 3433 duct!

251 3493 494 3580 excretorio
535 3498 590 3579 ad
636 3500 697 3579 2⁰.
726 3493 1040 3609 longitudinem
1074 3514 1276 3610 pergunt,
1317 3494 1454 3577 donec
1496 3490 1803 3605 angustissimis
1842 3492 1941 3581 orii·

252 3642 332 3727 ciis
358 3665 405 3728 et
433 3642 635 3761 singulari
663 3648 777 3731 flexu
804 3646 851 3732 in
881 3647 1035 3761 angulo
1061 3642 1281 3741 urethrae,
1310 3643 1384 3728 ubi
1411 3639 1627 3758 sphincter
1648 3642 1756 3731 colli
1784 3644 1939 3733 vesica

251 3791 432 3894 desinit,
467 3795 769 3883 inosculeutur.
794 3852 844 3867 -
881 3797 1031 3885 Medio
1058 3796 1170 3883 inter
1198 3799 1348 3882 ductus
1377 3797 1615 3881 deferentes
1660 3806 1825 3885 canalis
1861 3826 1940 3885 coe·

250 3976 343 4052 stes,
372 3947 686 4063 quadriunciali
714 3950 1007 4065 longitudine,
1038 3949 1117 4064 qui
1153 3951 1314 4034 duobus
1350 3944 1524 4033 orificiis
1563 3947 1816 4065 disgregatis
1838 3950 1940 4037 inin

249 4099 464 4187 eriasus
491 4132 685 4189 vasorum
714 4104 997 4189 deferentium
1023 4124 1071 4187 et
1106 4100 1389 4187 vesicularum
1425 4099 1697 4189 seminalium
1731 4102 1938 4203 inseritur,

251 4251 374 4336 dubii
398 4282 517 4353 uara,
544 4255 744 4368 analogus
771 4253 882 4340 sinui
907 4287 935 4338 a
963 4258 1014 4337 M
1020 4285 1254 4367 orgagno
1289 4254 1335 4337 in
1362 4251 1538 4337 homine
1569 4254 1756 4341 detecto.
1776 4306 1831 4321 -
1865 4258 1938 4339 tta

250 4434 342 4489 mus
368 4416 543 4491 arteriae
569 4418 840 4516 spermaticae
860 4438 1096 4511 recurrens,
1125 4403 1412 4522 serpentinus,
1440 4427 1527 4488 tam
1549 4414 1662 4493 venis
1688 4412 1936 4515 spermaticit

250 4555 451 4642 arteriosa
479 4559 568 4641 sere
596 4559 741 4645 tunica
770 4560 1071 4675 gaudentibus,
1112 4590 1239 4674 quarn
1277 4569 1384 4644 sirtui
1410 4588 1560 4643 arenoso
1587 4556 1814 4673 parastatis
1841 4552 1934 4647 adti-

247 4708 398 4807 danti,
451 4740 688 4797 cavernoso
729 4711 942 4799 inseritur.
968 4758 1018 4775 -
1066 4719 1115 4796 ln
1145 4709 1286 4797 vaccis
1331 4713 1372 4793 V
1369 4720 1497 4822 agina
1537 4719 1642 4794 uteri
1687 4724 1734 4799 13
1774 4712 1827 4797 ad
1860 4712 1930 4811 14⁴.

249 4861 388 4974 longa.
440 4865 676 4951 Glandulae
711 4865 826 4953 mole
864 4862 990 4952 nucis
1029 4863 1295 4967 moschatae,
1335 4868 1421 4979 jam
1460 4857 1769 4950 Parisicnsibus
1807 4862 1930 4949 obser·
