4410 5910
274 420 364 521 376
1034 438 1182 497 a

344 650 353 673 ²
488 642 643 723 Vultur
670 638 870 754 alpinum·
884 639 1065 725 Erimon.
1094 641 1243 724 mnitlr.
1270 642 1310 725 Ι.-
1342 672 1444 756 pag.
1469 653 1564 749 464.
1688 684 1692 689 ’

287 828 290 835 ·
376 791 541 877 Tataris
569 791 748 877 Tauriae
774 793 956 878 Kertbll.
977 844 1002 869 .·
1054 861 1076 909 ·.
1649 876 1652 881 .

333 960 336 965 ’
404 952 453 1028 In
475 949 695 1029 desertum
735 943 1073 1030 Astrachanense
1095 943 1433 1062 ,tempestatibus
1453 974 1561 1033 ‚raro
1588 974 1614 1033 e
1642 948 1788 1035 Persia
1818 958 1957 1069 appel·

266 1095 338 1199 lit,
369 1099 616 1213 praesertim
644 1128 763 1198 vere;
800 1098 994 1219 insomni
1007 1119 1213 1211 ,montosa
1246 1096 1412 1182 Persiae
1434 1126 1521 1182 ora
1539 1176 1543 1183 .
1559 1098 1692 1183 circa·
1713 1131 1835 1187 mare
1875 1135 1957 1191 cas

262 1247 382 1365 pium
410 1249 629 1364 copiosum
659 1281 756 1336 cunr
783 1272 987 1365 sequente
1017 1250 1283 1349 observavit,
1309 1272 1358 1334 et
1382 1249 1533 1335 farctas
1562 1251 1739 1337 exuvias
1766 1255 1957 1343 transmi-

261 1400 315 1484 sit
346 1403 605 1488 Gmelinus
627 1409 714 1520 jun.
756 1410 969 1517 Frequens
990 1402 1129 1505 ,etiam
1158 1401 1248 1485 avis
1275 1399 1324 1517 iri¹
1351 1399 1614 1488 Chersoneso
1636 1403 1850 1521 Taurica,
1884 1407 1956 1493 ubi

259 1552 507 1666 praesertim
534 1552 690 1667 hyeme
712 1555 766 1657 in
805 1553 1033 1669 planitiem
1074 1575 1119 1635 et
1139 1581 1362 1667 pagorum
1402 1550 1604 1637 viciniam
1648 1557 1877 1643 descendit
1914 1582 1956 1647 et

179 1789 183 1797 ,
258 1705 370 1790 circa
412 1709 615 1790 cadavera
655 1737 753 1791 cum
782 1708 919 1808 Cane,
959 1704 1101 1817 Vulpe
1131 1727 1176 1788 et
1203 1702 1332 1817 Lupis
1359 1726 1652 1819 congregatur,
1696 1706 1879 1795 minime
1904 1711 1955 1797 ti·

256 1860 387 1941 mida.
456 1863 673 1941 Autumno
702 1856 833 1942 etiam
867 1857 914 1940 in
948 1853 1131 1955 desertis,
1161 1854 1274 1938 inter
1313 1853 1639 1969 Borysthenem¹
1666 1880 1711 1943 et
1752 1863 1953 1975 paludem

118 2088 123 2100 ,
258 2008 450 2093 Maeotin
477 2008 634 2124 passim
664 2008 845 2094 collibus
873 2007 1131 2095 insidentem
1167 2005 1401 2092 observavi.
1472 2008 1642 2117 Olfactu
1680 2010 1821 2125 pollet
1863 2045 1950 2111 treu-¹

255 2159 441 2258 tissim0,
471 2192 554 2274 quo
583 2191 668 2244 non
695 2161 848 2245 solums
860 2160 1030 2274 putrida
1056 2161 1280 2261 cadavera,
1303 2161 1401 2243 -sed
1436 2182 1625 2246 recentes
1653 2161 1788 2247 etiam
1816 2196 1948 2271 caesar,

257 2342 349 2395 rum
379 2311 624 2395 animalium
653 2342 798 2401 carnes
823 2340 847 2396 e
870 2312 1101 2425 longinquo
1130 2307 1412 2425 prosequitur.-
1466 2310 1689 2427 Altisaim'o
1711 2323 1859 2407 uolatu
1880 2347 1947 2431 gy·

256 2491 323 2544 ros
351 2491 499 2573 agens,
541 2461 698 2577 hyeme
726 2463 1007 2577 subgregaria.
1076 2460 1332 2563 Morticinia
1350 2467 1544 2575 projecta
1565 2461 1611 2547 in
1637 2466 1849 2555 societate
1874 2476 1946 2555 Lo·

256 2640 428 2725 porum,
472 2615 634 2700 Canum
663 2636 708 2700 et
735 2616 940 2730 Vulpium
976 2612 1177 2737 dilaniat,
1197 2611 1535 2741 goracissimus..
1573 2616 1732 2735 ,Nidus
1759 2624 1810 2705 in
1837 2652 1945 2709 mon·

255 2760 365 2849 tium
392 2762 618 2850 inaccessis
644 2767 901 2882 praeruptis,
935 2764 1058 2852 nobis
1086 2794 1184 2848 non·
1197 2763 1324 2849 visus.
1381 2767 1420 2849 V
1420 2796 1477 2853 os
1504 2766 1635 2897 nullm
1663 2838 1701 2897 Η

389 2917 565 3000 Descr.
621 2920 869 3031 Magnitudo
892 2915 1083 3032 Aquilae
1109 2915 1364 3020 Albicillee,
1398 2915 1490 3003 imo
1517 2919 1738 3033 procerior
1766 2948 1947 3041 apparet,

252 3065 365 3189 sollo
390 3067 604 3183 elongato.
660 3073 854 3155 Rostnun
878 3091 1025 3154 recto·
1041 3069 1288 3175 aduncum,
1301 3097 1607 3183 compressum,
1648 3071 1794 3159 minus
1823 3076 1947 3163 altum

251 3217 657 3331 quam-Albicillae,
687 3220 920 3334 nigricans,
951 3223 1075 3307 dorso
1097 3249 1358 3322 convexum,
1387 3206 1563 3335 maxilla
1576 3223 1808 3338 superiore
1828 3226 1948 3315 utrin-

250 3339 332 3481 ilue
360 3399 501 3457 versus
528 3372 696 3487 apicem
723 3372 912 3486 margine
939 3370 1175 3487 prolixiore
1195 3401 1411 3458 convexo.
1424 3446 1434 3457 .
1449 3376 1573 3487 μω
1598 3373 1688 3463 lata
1715 3376 1855 3493 nigra,
1882 3408 1944 3467 ne

250 3519 364 3604 ribus
393 3523 693 3636 marginalibus
722 3520 1013 3639 amplissimis,
1055 3520 1264 3638 oblongis.
1340 3525 1565 3609 Oculorum
1591 3527 1778 3614 ambitus
1804 3533 1944 3628 nude,

251 3673 560 3777 coerulescens,
589 3682 681 3761 lora
707 3675 856 3792 pilosa.
916 3678 1053 3789 Caput
1079 3697 1216 3760 toturn
1236 3648 1342 3761 'cnm
1368 3677 1482 3761 collo
1509 3676 1631 3762 molli
1662 3677 1868 3796 lanugine
1892 3682 1941 3767 al·

250 3820 305 3904 ba
332 3844 545 3945 opertum3
587 3825 720 3911 imum
766 3829 925 3913 collum
953 3826 1089 3940 cingit
1117 3828 1517 3919 mammertinus
1547 3858 1585 3951 e·
1600 3830 1761 3944 plumis
1788 3836 1943 3949 elongs

248 3969 327 4073 tis,
355 3972 606 4079 linearibus,
635 4004 789 4094 gryseo
802 4029 817 4047 ·
830 3978 972 4064 hiscis.
1029 3978 1188 4097 Corpus
1214 4003 1352 4091 totum
1380 4010 1405 4065 e
1432 4009 1582 4094 gryseo
1603 3981 1743 4095 mag's
1760 3984 1942 4071 minum

251 4123 506 4238 nigrescens.
564 4134 672 4217 Aloe
700 4131 866 4245 nigrae,
906 4128 1175 4246 compositae·
1191 4134 1375 4225 caudam·
1387 4157 1718 4249 exsuperantes.
1781 4139 1939 4225 emta

251 4277 448 4373 rectrices
477 4282 695 4394 aequales,
726 4284 859 4383 latae,
896 4282 1235 4399 quatuordecim,
1276 4306 1392 4368 totae
1408 4362 1416 4383 ,
1433 4283 1605 4398 nigraes
1641 4289 1799 4375 »Pedes
1847 4290 1941 4373 ultro

220 4424 224 4429 ’
250 4427 553 4515 mediastibias
569 4434 852 4549 nudi-salig&-
868 4435 1145 4552 longiusculi,
1167 4435 1740 4548 mgntmmbamurlibrs‚
1769 4438 1932 4554 magnis,

251 4576 436 4680 falcatis,
465 4585 1010 4703 exteriorqueptjca-tsta,
1045 4587 1856 4703 insignizlpmuaalmxm...u1emm
1881 4616 1932 4675 ro·

249 4730 326 4813 stri
355 4735 408 4817 ad
436 4734 589 4821 rictum
619 4748 679 4827 δ”.
708 4744 867 4825 caudae
903 4779 917 4824 1
950 4741 1245 4867 podismum
1268 4742 1428 4829 alenam
1443 4744 1569 4843 assessi.
1627 4742 1930 4833 &totamm

249 4880 350 4966 dum
382 4885 538 4995 variat,
573 4892 698 5009 unde,
716 4892 1025 5008 multiplicatae
1052 4890 1718 5010 apusomtholnpmapecies..
