4410 5910
877 401 1034 461 ²²³*
1740 422 1797 513 rs

103 622 272 688 storum
287 590 537 681 animalium
557 587 691 683 hodie
708 624 786 714 per
811 627 981 685 omnem
1008 601 1232 717 Europam,
1255 605 1467 712 Rossiam,
1483 606 1577 698 imo
1595 612 1795 704 Sibiriam
1887 678 1892 688 .

101 745 361 836 universalia
389 746 499 831 facta
526 746 623 852 sint,
642 747 716 833 'uti
746 751 889 848 Ursus,
902 742 1045 862 Lyna,
1063 755 1215 867 Lupus,
1238 758 1403 871 Vulpes,
1423 764 1671 863 Ermiraeum,
1693 770 1796 855 Gaze
1896 800 1898 803 ·

105 899 364 1017 (rapacitate
393 896 537 982 suain
564 898 842 1020 longinquum
869 901 1070 1021 ductae),;
1100 909 1237 1019 Lepus
1264 911 1494 1012 variabilis,
1521 915 1688 1002 Sciums
1709 927 1795 1005 vul·

97 1062 239 1171 garis,
269 1058 367 1135 Mus
394 1053 579 1147 Citillus,
607 1053 854 1138 decumams
881 1076 925 1136 et
952 1057 1186 1154 Masculus,
1219 1058 1355 1173 Aper,
1389 1064 1627 1177 Capreolus.
1683 1073 1797 1154 Tum

102 1235 207 1294 rero
242 1201 389 1288 mirari
423 1200 522 1301 satis
556 1200 759 1337 nequeas,
798 1209 925 1341 quare
963 1203 1113 1308 Sciuri,
1151 1209 1258 1292 adeo
1282 1209 1458 1324 ⁴ubique
1494 1215 1685 1329 vulgares
1719 1248 1797 1333 per

103 1355 300 1442 Rossiam
327 1377 454 1468 atque
482 1352 695 1456 Sibiriam‚
723 1351 813 1440 imo
839 1353 885 1439 in
914 1346 1109 1441 Caucaso*
1128 1357 1377 1464 familiares,
1416 1394 1502 1447 non
1536 1366 1795 1484 transierint,
1850 1433 1855 1441 »

100 1538 203 1593 cum
230 1511 393 1623 Lepore
419 1505 594 1607 timido,
629 1511 776 1620 Lupo,
818 1507 979 1621 Vulpe,
1023 1509 1134 1592 Gale
1155 1510 1455 1625 ‹st-Capreolo,
1496 1513 1543 1599 in
1572 1517 1798 1607 Tauricam

104 1656 429 1760 Chersonesum,
461 1655 677 1742 alliciente
712 1655 817 1744 licet
849 1658 997 1771 pabuli
1031 1658 1243 1746 hortensis
1279 1685 1323 1746 et
1349 1664 1545 1776 sylvatici
1583 1669 1797 1755 abundan-

101 1806 176 1896 tia.
241 1815 395 1932 Neque
423 1806 552 1912 dicas,
581 1838 708 1923 quare
735 1841 776 1893 r.
805 1839 865 1924 gr.
894 1813 1077 1895 Mustela
1105 1812 1276 1898 sibirica
1304 1835 1347 1897 et
1368 1813 1579 1899 Zibellina
1599 1815 1646 1900 in
1668 1825 1796 1905 Euro·

101 1994 203 2080 pam
230 1990 317 2045 non
338 1959 607 2047 transierint?
633 1960 840 2076 posterior
867 1962 1067 2075 equidem
1094 1966 1185 2049 solo
1206 1965 1415 2069 Uralensi,
1446 1996 1532 2052 non
1555 1970 1663 2054 adeo
1682 1968 1798 2056 inae«
1892 2067 1894 2078 Ι

108 2143 221 2202 cesso
248 2119 348 2226 jugo
376 2110 571 2197 diremta.

238 2271 308 2350 De
353 2267 394 2349 V
391 2265 631 2351 arietatibus
671 2261 940 2351 Lactantium
982 2286 1027 2351 et
1069 2240 1259 2380 hybridis
1279 2323 1281 2327 .
1300 2267 1502 2387 stirpibus
1551 2270 1801 2357 domesticis
1839 2353 1841 2357 ,

113 2448 225 2536 agere
255 2400 403 2531 ampla
422 2437 532 2501 esset
557 2414 755 2525 materia,
784 2447 911 2531 quam
937 2415 1011 2505 hic
1040 2415 1257 2533 adtingere
1283 2419 1397 2521 nolo,
1425 2421 1631 2534 peculiari
1648 2422 1797 2507 disset«

104 2572 266 2660 tatione
302 2569 400 2679 (cui
427 2569 789 2684 complementum
816 2576 945 2683 paro)
974 2602 998 2653 a
1026 2599 1094 2654 me
1121 2575 1207 2682 jam
1232 2557 1469 2656 tractatam.
1507 2574 1703 2657 Ferarum
1722 2601 1801 2658 no«

104 2722 309 2824 matium,
337 2743 385 2804 ut
406 2743 451 2805 et
467 2729 640 2834 glirium
665 2749 772 2835 quae
800 2723 934 2835 pelles
962 2720 1135 2806 vestitui
1162 2720 1388 2807 hominum
1413 2723 1483 2806 rel
1497 2723 1664 2806 ornatui
1678 2746 1799 2839 aptas

103 2877 310 2992 praebent
342 2893 388 2957 et
423 2894 520 2990 sunt
546 2871 703 2987 partim
738 2901 814 2986 per
846 2870 1059 2979 luxuriam
1092 2870 1316 2958 hominum
1350 2869 1577 2957 cultiorum
1615 2872 1796 2987 praetio-

104 3025 314 3129 sissimas,
350 3031 481 3121 vellus
512 3022 560 3108 in
588 3052 740 3140 genere
769 3044 889 3109 tanto
916 3033 1191 3144 praestantius
1218 3045 1308 3128 est,
1323 3051 1408 3138 quo
1429 3023 1562 3137 magis
1584 3027 1637 3110 ad
1659 3023 1798 3109 orien-

107 3200 193 3265 tem
228 3200 275 3261 et
307 3174 355 3261 in
392 3175 579 3291 alpinam
613 3174 702 3290 jugi
738 3173 902 3262 asiatici
937 3173 1208 3261 altitudinem
1242 3179 1413 3276 tendas;
1454 3181 1609 3294 pejores
1650 3198 1799 3264 contra

107 3328 441 3418 occidentalium
454 3324 854 3442 attemperatiorum
865 3326 1014 3441 pelles,
1042 3333 1233 3441 quaeque
1247 3327 1294 3411 in
1314 3325 1580 3441 planioribus
1598 3349 1643 3409 et
1655 3354 1797 3412 versus

109 3482 361 3568 orientalem
374 3484 594 3568 Oceanum
607 3476 653 3562 in
667 3477 891 3563 maritimis
906 3476 1141 3593 capiuntur.
1189 3485 1246 3562 Et
1259 3476 1427 3579 mimm,
1442 3479 1558 3591 quod
1573 3476 1622 3560 in
1638 3474 1797 3589 frigido

110 3634 282 3721 climate
308 3636 518 3749 quaedam
547 3604 793 3717 animalium
814 3629 978 3745 species
1001 3602 1147 3747 suapte
1166 3654 1313 3718 natura
1334 3631 1388 3714 ad
1410 3627 1656 3714 albedinem·
1672 3625 1798 3712 incli-

111 3755 223 3893 nent,
250 3784 386 3873 immo
413 3787 507 3900 lege
535 3791 723 3870 Naturae
759 3780 917 3898 hyeme
952 3786 1096 3870 album
1129 3783 1284 3886 vellus,
1324 3805 1373 3866 ut
1407 3787 1620 3896 Lagopus,
1662 3776 1799 3864 Enni·

111 3968 248 4042 neum,
278 3941 399 4042 Gale,
428 3945 566 4054 Lepus
592 3934 823 4041 variabilis,
851 3936 920 4020 vel
941 3933 1153 4038 incanum,
1181 3956 1230 4017 ut
1248 3936 1485 4036 Tarandus,
1509 3933 1653 4046 Saiga,
1682 3929 1800 4014 Sciu-

111 4117 188 4193 ωε,
223 4091 425 4194 induant;
461 4089 563 4176 dum
598 4111 744 4174 contra
780 4087 889 4172 aliae
921 4087 968 4172 in
1000 4079 1241 4172 borealibus
1271 4084 1405 4199 magis
1441 4086 1494 4167 ad
1519 4084 1798 4207 procreandas

115 4242 251 4357 nigras
276 4243 503 4328 varietates
530 4241 753 4346 inclinant,
782 4264 831 4327 ut
851 4237 1026 4357 Leporis
1047 4236 1276 4341 variabilis,
1293 4235 1416 4352 Lupi,
1431 4234 1595 4351 Vulpis,
1620 4230 1798 4337 Caiceti,

117 4397 300 4483 Matium
325 4395 534 4482 variarum
561 4397 757 4510 exempla
784 4396 961 4498 docent,
998 4390 1069 4475 rel
1107 4389 1370 4476 lrrscedinem
1396 4385 1673 4474 intensiorem
1699 4363 1800 4467 affe·

119 4526 244 4653 stent
266 4572 317 4636 ut
340 4545 708 4668 praestantissimis
735 4545 1006 4633 orientalium
1032 4564 1077 4628 ct
1104 4541 1351 4660 alpestrium
1375 4539 1596 4654 regionum
1625 4529 1800 4642 Zibelli-
1897 4633 1899 4639 ,

124 4695 199 4803 nis,
226 4702 381 4791 Sciuris
406 4706 640 4794 eorundem
666 4700 823 4788 situum
849 4697 977 4788 luscis
994 4719 1048 4798 ,et
1072 4694 1235 4784 boreali
1265 4696 1438 4782 Castore
1466 4689 1710 4776 edocemur.
