4410 5910
250 443 341 530 390
1013 436 1173 490 “·-“-“-“-“·’“

247 651 365 736 lucos
392 640 687 759 disperguntur
714 638 768 723 ad
796 633 939 738 nidos,
971 633 1263 750 cautioresque
1290 628 1512 723 hominem
1539 636 1721 756 fugiunt.
1774 628 1939 727 Desunt

248 801 295 886 in
324 830 396 885 ora
425 794 603 892 arctica,
644 791 874 876 secundum
902 789 1046 875 Obum
1070 791 1113 874 fl.
1143 820 1273 904 usque
1316 819 1457 875 versus
1497 788 1689 903 Nadymi
1728 791 1952 879 confluen-

249 974 339 1036 tem
367 950 422 1033 ad
448 949 620 1032 boream
649 942 928 1041 aescendune
969 943 1192 1056 feruntque
1233 942 1398 1028 Ostiaci
1434 944 1488 1027 ad
1514 946 1688 1058 Nadyrn
1715 941 1954 1029 adventuo·-

250 1118 316 1189 t'es
341 1099 501 1217 perire,
544 1127 624 1183 nec
650 1126 772 1213 posse
806 1094 972 1193 videre3
1016 1095 1070 1177 ad
1110 1099 1270 1179 Lenam
1309 1093 1421 1181 circa
1462 1092 1797 1182 Tschetschuisk
1835 1093 1956 1181 deri«-

249 1268 372 1341 r'runt.
426 1252 540 1335 Hinc
566 1278 644 1365 per
668 1248 923 1333 orientalem
950 1246 1078 1330 Asiae
1107 1247 1305 1359 angulum
1331 1279 1535 1362 nusquam
1563 1267 1786 1364 apparent;
1828 1266 1874 1330 at
1898 1244 1947 1331 in

253 1404 549 1498 Camtschatca
585 1405 726 1486 denuo
768 1397 1104 1515 copiosissimae,
1147 1403 1444 1514 praegrandes,
1487 1397 1680 1517 pulchro·
1707 1398 1948 1514 splendore,

253 1590 452 1677 quorsum
479 1586 556 1672 per
587 1556 690 1638 Yeso
718 1575 981 1665 tractumque
1011 1550 1250 1638 Curilarum
1279 1584 1302 1637 e
1330 1552 1507 1669 Japonia
1552 1576 1598 1637 et
1642 1548 1786 1638 China
1813 1578 1950 1637 acces·

254 1713 355 1799 sisse
383 1710 592 1794 videntur.
656 1707 914 1788 Stellarus
955 1701 1087 1786 etiam
1127 1704 1174 1788 in
1215 1703 1363 1791 insulis
1404 1734 1545 1790 versus
1584 1702 1831 1788 Americam
1873 1704 1948 1788 frtr-

252 1884 430 1980 quentes
457 1856 700 1944 observavit
727 1878 771 1939 et
796 1875 948 1939 nautae
976 1853 1094 1939 idem
1127 1859 1389 1941 confirmant.
1459 1864 1658 1941 Proterva
1700 1877 1745 1939 ct
1785 1856 1950 1968 garrula

257 2016 347 2102 avis
375 2037 422 2099 ut
449 2034 564 2097 recte
593 2008 738 2093 Picam
755 2012 917 2119 fariam
944 2006 1106 2122 potius,
1151 2040 1277 2123 quam
1315 2018 1477 2094 noriam
1504 2006 1677 2094 'dixeris
1704 2038 1802 2093 cum
1831 2010 1951 2094 Mes·

257 2165 624 2260 serschmidio‚
653 2160 728 2275 qui
756 2158 1043 2274 etymologica
1072 2159 1198 2273 genio
1226 2160 1336 2247 illud
1365 2195 1388 2246 a
1423 2165 1551 2247 fando
1591 2161 1777 2247 inditum
1819 2158 1954 2246 credi·

259 2321 338 2406 dit.
407 2319 598 2401 Adversa
625 2343 792 2427 semper
819 2335 948 2398 vento
975 2311 1189 2416 considet,
1233 2343 1286 2397 ne
1315 2313 1495 2430 agitetur
1516 2318 1674 2418 cauda,
1719 2321 1838 2428 cujus
1865 2314 1955 2399 lon·

259 2473 407 2589 gitudo
443 2474 530 2555 fere
566 2467 842 2551 incommoda·
882 2465 952 2549 avi
992 2463 1180 2552 videtur..
1244 2470 1421 2553 Volatus
1461 2466 1715 2566 laboriosus,
1758 2466 1953 2581 agitatus,

261 2624 466 2726 directus,
510 2616 666 2705 brevis.
732 2618 868 2702 Nidus
906 2615 1168 2731 ingeniosus,
1209 2618 1256 2703 in
1297 2617 1550 2705 humillimis
1590 2649 1717 2735 saepe
1760 2619 1953 2725 arbustis,

261 2775 393 2863 etiam
430 2772 544 2858 circa
583 2799 735 2890 pagos,
778 2768 963 2885 espinis
993 2791 1037 2853 et
1065 2769 1259 2885 virgultis
1299 2774 1593 2887 conglobatus,
1637 2769 1953 2887 sphaeroideus,

258 2926 439 3015 introitu
465 2924 645 3010 laterali.
703 2924 798 3008 Ova
827 2937 851 3007 6
881 2925 935 3007 ad
962 2958 1003 3030 7.
1026 2921 1200 3027 viridia,
1231 2923 1399 3040 punctis
1422 2923 1568 3028 fuscis,
1598 2927 1790 3039 pondere
1808 2922 1953 3012 drach·

260 3109 422 3166 marum
453 3111 475 3162 a
506 3078 559 3161 ad
588 3091 627 3162 3.
685 3081 843 3157 Parvae
871 3073 1046 3158 Rossiae
1074 3074 1252 3174 incolis,
1279 3104 1412 3190 aeque
1442 3107 1490 3161 ac
1513 3077 1563 3161 C.
1581 3080 1843 3189 frugilegas,
1871 3108 1951 3166 non

259 3261 354 3319 raro
381 3229 427 3314 in
456 3226 556 3315 cibo
585 3224 825 3312 adhibetur.
846 3276 905 3291 -
930 3228 960 3307 S
968 3232 1063 3310 tell
1071 3257 1187 3311 erus
1214 3226 1345 3311 etiam
1381 3226 1452 3312 cui
1478 3230 1581 3312 dura
1623 3230 1853 3315 necessitas
1880 3230 1952 3317 mi·

257 3384 476 3498 seriaeque
516 3379 681 3465 viamm
720 3399 764 3461 et
798 3375 1006 3490 naufragii
1033 3375 1080 3460 in
1107 3378 1334 3464 esculentis
1375 3377 1700 3465 adinveniendis
1740 3382 1952 3469 sollertem

258 3535 553 3633 reddiderant,
593 3531 789 3617 Picatum
816 3560 960 3616 carnes
996 3561 1081 3615 non
1121 3537 1284 3644 pejores
1327 3529 1623 3646 Lagopodibus
1663 3562 1756 3617 esse
1798 3534 1951 3621 asserit.

254 3689 480 3775 ¹Cadavera
506 3707 650 3769 tamen
679 3688 970 3800 frequentant,
1000 3681 1075 3766 ubi
1105 3680 1383 3767 assidentibus
1407 3681 1577 3796 Aquilia
1603 3684 1842 3798 procaciter
1866 3716 1947 3802 pas·

263 3858 426 3927 cuntur.
498 3842 686 3923 Passeres
721 3865 897 3952 quoque
932 3856 976 3920 et
1004 3833 1142 3948 pullos
1168 3833 1428 3948 gallinaceos
1457 3855 1584 3949 atque
1610 3833 1806 3923 anatinos
1833 3840 1945 3923 lame·

263 3991 373 4078 licae
402 3989 600 4076 audacter
626 3989 809 4105 rapiunt.

268 4156 291 4236 ,ζ
399 4145 443 4227 N
449 4163 549 4230 ota.
604 4144 772 4231 Pondus
796 4144 926 4258 vulgo
953 4141 1172 4229 unciarum
1211 4172 1367 4231 novem
1393 4166 1441 4228 et
1467 4144 1590 4230 ultra.
1661 4146 1853 4231 Varum
1888 4140 1940 4229 h·-

261 4327 340 4385 cae
366 4297 488 4393 alba,
514 4295 655 4411 capite
684 4300 932 4411 subgryseo,
964 4326 1072 4381 anno
1107 4311 1224 4406 1769.
1251 4292 1410 4409 hyeme
1437 4317 1561 4412 capta
1589 4295 1672 4381 fuit
1699 4296 1747 4382 in
1788 4294 1940 4411 region·

265 4448 377 4536 inter
405 4449 601 4564 Djomam
628 4472 673 4533 et
699 4454 748 4534 llt
774 4448 947 4546 fluvios,
974 4447 1310 4562 Orenburgensis
1336 4450 1645 4563 praefecturae,
1677 4448 1859 4565 viraque
1880 4452 1940 4533 Pa

261 4599 451 4715 'tropolin
477 4599 606 4683 missa
634 4632 712 4715 per
737 4604 874 4688 Nicol.
902 4604 1216 4714 Rytsclrltof,
1261 4598 1336 4685 ubi
1374 4600 1638 4715 aliquamdiu
1664 4600 1792 4687 vixit.
1856 4604 1938 4689 Aa

259 4751 390 4839 Picae
416 4762 596 4839 veretas
623 4753 778 4840 rossioa
804 4751 852 4837 in
879 4775 1052 4870 pectore
1078 4774 1123 4837 et
1150 4750 1227 4837 alis
1254 4750 1411 4866 plumis
1438 4750 1750 4865 compluribus,
1786 4786 1841 4843 ex
1863 4774 1938 4867 ptr

263 4926 312 4995 te
335 4902 487 5017 nigris,
526 4904 663 5007 vana,
701 4929 745 4991 et
773 4905 991 4994 elicitam
1020 4928 1112 4991 tota
1147 4901 1346 5006 carmide,
1383 4899 1745 4995 Astraahanensia
1780 4908 1827 4997 iu
1855 4926 1935 4991 en·
