4410 5910
249 432 312 543 78
1018 442 1169 507 Ε

276 732 279 738 ,
385 658 661 739 Perennem
687 647 882 739 Rosciam
905 671 953 736 et
978 646 1180 737 Sibirianr
1207 643 1418 765 adusque
1443 640 1786 739 &numatam
1826 651 1945 743 circa

251 805 523 899 notabiliores
549 800 699 888 duvios
725 824 771 888 et
797 802 992 906 flumina,
1033 802 1228 921 circaque
1255 802 1371 888 lacus
1410 797 1617 917 piscosos‘
1633 803 1815 923 ubique,
1859 802 1949 895 nisi

250 965 296 1050 in
323 958 510 1045 maxime
534 954 778 1043 borealibus
803 954 902 1041 satis
929 958 1124 1072 frequens
1150 978 1228 1042 est.
1283 962 1335 1045 In
1365 953 1610 1057 Amerinam
1637 987 1806 1081 quoque
1832 981 1947 1047 nan·

251 1113 337 1201 siit.
382 1108 568 1195 'Habitat
593 1106 711 1194 etin
737 1109 927 1197 Caucaso
948 1111 1002 1194 ad
1016 1110 1176 1225 Cyrum
1194 1086 1443 1229 praesertim
1463 1082 1657 1218 flurium,
1685 1109 1732 1197 iu
1745 1112 1948 1201 Persiaet

250 1291 525 1386 peromnem
552 1259 766 1345 Tatariam
793 1268 1009 1378 magnam,
1052 1262 1162 1350 sorte
1202 1265 1257 1348 ad
1291 1263 1419 1348 Indos
1444 1234 1589 1378 usque.
1626 1232 1861 1351 ‘'Montosa
1901 1288 1947 1353 et

251 1413 460 1535 sylvatica
484 1412 713 1530 praecipue
740 1437 868 1500 amat.
938 1422 988 1500 In
1027 1415 1132 1532 ripis
1164 1413 1381 1505 cuniculos
1408 1412 1538 1519 ledit,
1583 1410 1702 1502 aditu
1742 1414 1947 1535 subaqua-

253 1571 362 1673 tico‚
391 1599 487 1654 cum
501 1568 634 1652 altere
656 1568 906 1683 plexumque
929 1566 1068 1673 exitu,
1098 1570 1144 1653 in
1166 1598 1252 1684 que
1279 1596 1402 1683 saepe
1430 1569 1536 1672 duo,
1564 1590 1704 1655 traam
1724 1566 1853 1655 simul
1874 1572 1946 1656 de·

255 1744 371 1841 gunt.
426 1718 609 1807 Victitat
632 1718 839 1834 piscibus,
868 1719 1056 1805 muribus
1084 1744 1129 1807 et
1157 1720 1304 1808 avibus
1333 1718 1553 1835 aquaticis.
1616 1718 1803 1809 Piscium
1827 1752 1945 1839 praa·

254 1862 400 1962 sertim
426 1871 566 1988 capita
592 1873 835 1957 comedunt.
899 1873 1073 1961 Pariunt
1098 1901 1197 1960 vere
1223 1875 1471 1990 plerumque
1498 1868 1635 1960 binea.
1691 1846 1832 1963 Pelles
1858 1876 1946 1961 vul·

251 1994 367 2145 pinis
393 2024 585 2128 viliores,
627 2027 840 2140 quondam
880 2023 1053 2142 copiose
1087 2025 1331 2111 Sinen'sibus
1372 2055 1527 2111 venum
1564 2026 1861 2141 portabantur,
1901 2040 1946 2115 et

254 2178 489 2265 etiamnum
514 2179 570 2263 ad
597 2176 865 2263 fimbriandas
891 2206 1038 2263 eorum
1078 2200 1122 2262 et
1162 2177 1460 2291 Mongolorum
1499 2175 1764 2292 aliorumque
1802 2164 1943 2296 plebe

251 2337 394 2445 iorum
420 2344 557 2414 vestas
583 2327 631 2413 in
658 2328 872 2447 frequenti
896 2358 974 2415 usu
1002 2351 1111 2415 sunt
1180 2328 1377 2415 Serviunt
1410 2328 1560 2432 etiarn,
1600 2329 1771 2417 inverso
1795 2302 1945 2420 intrer-

256 2513 350 2570 sum
375 2480 487 2598 pilo,
513 2511 592 2597 pro
612 2479 798 2597 vaginis,
826 2481 873 2567 in
900 2483 1053 2598 quibus
1079 2482 1313 2600 pulcriores
1340 2480 1643 2566 Zibellinarum
1668 2482 1805 2598 pellas
1832 2512 1944 2602 prae

258 2632 405 2721 sertim
428 2664 507 2751 pro
531 2631 717 2751 longiori
742 2633 897 2721 itinere
924 2657 1198 2723 asservantur.
1268 2632 1564 2720 Sacerdotibus
1601 2633 1792 2723 Resaicis
1815 2637 1945 2751 etiam

256 2786 386 2900 vulgo
411 2786 467 2872 ad
493 2785 642 2871 Mitras
668 2766 936 2873 adhibentur.
949 2776 1007 2856 ¹-
1032 2792 1165 2904 Saepe
1191 2788 1238 2872 in
1265 2754 1395 2871 nassis
1420 2784 1679 2909 piscatoriis,
1713 2789 1877 2903 eturivi
1899 2789 1944 2876 in

211 3016 220 3027 ,
256 2938 417 3024 retibus
444 2937 683 3056 capiuntur;
711 2937 867 3052 hyeme
894 2939 1026 3026 etiam
1054 2939 1247 3044 canibus,
1290 2936 1540 3054 quibuscum
1580 2934 1735 3024 acriter
1772 2966 1948 3058 pugnat,

258 3116 400 3177 morsu
423 3090 657 3177 tremenda.
721 3065 909 3178 Incestus
935 3116 1123 3209 reptans,
1161 3090 1397 3194 demissus,·
1419 3089 1467 3175 in
1495 3088 1594 3179 nive
1623 3114 1668 3176 et
1693 3088 1837 3207 glacie
1857 3123 1943 3182 cae·

257 3241 429 3329 lerrinre
454 3243 593 3361 polite
613 3242 781 3331 pellere
824 3244 992 3359 gliscit,·
1031 3247 1189 3331 caudae
1230 3214 1368 3329 etiarn
1402 3265 1522 3326 motu
1563 3265 1607 3329 et
1647 3243 1743 3330 nisu
1774 3248 1942 3361 adjutor

256 3396 521 3513 provolvitur
545 3398 593 3485 in
620 3400 809 3502 dorsum,
850 3396 1028 3512 erigitur
1067 3399 1113 3483 in
1139 3394 1384 3513 *posteuera
1421 3420 1635 3510 pugnans3
1675 3426 1756 3485 nec
1774 3422 1778 3433 ·
1794 3399 1943 3485 timida

257 3571 343 3669 est,
383 3552 459 3638 sed
492 3554 742 3673 auscultans.
811 3552 855 3636 V
850 3582 907 3637 en
940 3548 1030 3637 irae
1056 3549 1193 3657 nulla,
1233 3551 1308 3635 sed
1334 3547 1611 3635 moribundae
1637 3549 1834 3663 gemitum
1858 3552 1943 3637 fers

258 3698 482 3785 infantilis.
539 3701 737 3786 Manibus
765 3724 861 3818 apte
888 3703 1033 3789 utitur.
1090 3700 1285 3817 Quiescit
1303 3721 1512 3816 prostrate
1532 3732 1706 3818 corpore
1719 3702 1941 3821 etncapite.

261 3854 425 3963 Hyeme
451 3851 698 3970 praesertim
724 3853 814 3940 adit
841 3853 1003 3971 alpinos
1028 3875 1253 3959 terrentes,
1295 3851 1371 3968 qui
1398 3883 1483 3937 nen
1511 3848 1760 3967 glaciantun
1777 3908 1839 3930 ·—
1861 3856 1943 3943 Ob-

262 4020 447 4085 servatae
474 4002 606 4090 etiarn
632 3994 808 4091 nostrati
834 4003 1076 4093 simillimae
1102 4005 1150 4093 in
1183 4004 1332 4092 insulis
1367 4035 1508 4092 versus
1547 4004 1773 4113 Americae
1813 4002 1943 4097 conti·

261 4174 435 4240 nentem
461 4155 573 4263 aitis,
609 4159 855 4275 praesertim
882 4161 1064 4260 Cediec',
1096 4160 1213 4246 etin
1241 4158 1334 4275 ipso
1361 4156 1630 4248 Continentia
1657 4156 1942 4276 promontorio

256 4306 460 4408 Alaeslrm
495 4313 569 4397 sed
594 4311 642 4399 in
667 4310 816 4399 insulis
842 4311 1110 4400 citerioribus
1136 4315 1268 4401 deest.
1337 4312 1552 4398 Maximae
1581 4335 1676 4397 sunt
1704 4306 1943 4398 Camtscba·

258 4454 392 4563 ticae,
434 4460 508 4546 ubi
548 4463 727 4577 gentiles
763 4470 909 4550 Lutras
937 4467 1115 4550 credunt
1139 4465 1307 4580 tugurio
1334 4463 1495 4566 illatas,
1537 4462 1815 4569 familiaribus
1841 4488 1943 4547 mer·

258 4611 360 4696 burn
400 4642 626 4701 venereum
664 4616 880 4706 inducere.
949 4615 1181 4708 Distinctie
1218 4641 1361 4704 autem
1399 4619 1624 4705 Gunneri
1654 4615 1739 4740 (in
1773 4637 1865 4721 net.
1893 4612 1943 4701 ad

260 4763 381 4849 Iaeem
405 4767 456 4852 de
483 4771 773 4886 Loppenibus)
815 4770 928 4858 inter
964 4766 1166 4875 marinas,
1208 4768 1413 4858 litterales
1452 4792 1497 4857 et
1536 4759 1763 4858 fluriatiles
1800 4774 1941 4856 tumr

264 4911 355 4999 sine
381 4917 654 5011 fundamento
677 4954 768 5008 esse
796 4925 984 5029 videtum
1024 4956 1105 5014 nee
1139 4954 1324 5041 unquam
1358 4927 1469 5043 apud
1505 4952 1581 5011 nos
1609 4906 1727 5013 albas
1750 4920 1939 5011 inventa·
