4410 5910
245 402 341 505 248
647 486 650 491 ,
1018 406 1170 461 ²¹¹⁵

463 615 648 704 Bubalus
676 617 932 718 Auctorum,
972 613 1156 697 Brisson.
1183 604 1402 726 rpradwp.
1429 618 1499 723 os.
1525 634 1579 724 sp
1618 622 1662 713 4.

464 778 547 855 Bos
574 767 772 866 Bubalis,
799 771 891 851 Lin.
921 787 1027 878 syst.
1054 766 1153 847 XII.
1181 765 1217 847 1.
1245 794 1288 878 p.
1317 794 1386 870 99.
1414 792 1479 877 tp.
1506 777 1549 851 5.

463 927 524 1006 Le
553 924 694 1020 Bufle,
722 924 888 1034 Buffon.
918 918 1064 1031 quadr.
1094 917 1170 998 XI.
1199 947 1241 1030 p.
1271 928 1366 1019 284.
1394 915 1482 1001 tob.
1512 928 1578 1004 25.

358 1073 505 1161 Rossis
531 1078 711 1177 Butuol,
742 1077 881 1158 Busta.
936 1068 1178 1156 Calmuccis
1209 1070 1471 1155 uana-utar
1510 1071 1795 1179 (Armenium
1822 1092 1948 1181 aquit·

409 1225 572 1337 ticum)
609 1223 776 1339 Kirgiso
793 1277 808 1290 ·
823 1219 989 1307 Tataris
1031 1223 1219 1333 Sughum
1261 1219 1428 1306 Tataris
1469 1217 1649 1309 Caucasi
1688 1220 1947 1335 Garunyscb.

411 1378 609 1466 Armenis
638 1379 908 1486 Gaumytsch.
965 1371 1211 1458 Sinensibus
1239 1375 1415 1492 Nju·tu.
1652 1480 1657 1489 Ι

384 1530 680 1617 Domesticum
708 1549 943 1612 armentum
978 1523 1025 1609 in
1062 1524 1267 1640 Georgia,
1310 1528 1424 1644 apud
1450 1531 1680 1625 Armenos‚
1720 1523 1948 1635 Astrochm

250 1683 373 1787 niae,
414 1682 461 1768 in
499 1683 706 1768 Tauricae
745 1677 988 1767 chersonesi
1028 1675 1240 1763 montanis
1283 1677 1486 1794 sylvosis,
1536 1702 1584 1765 et
1619 1678 1667 1765 in
1710 1677 1947 1768 Moldaris.

249 1836 421 1923 Taurici
449 1862 492 1923 et
529 1833 766 1923 Moldarici
801 1832 954 1919 Bubali
995 1833 1131 1916 multo
1173 1830 1358 1918 minores
1400 1853 1445 1915 ct
1484 1831 1708 1948 pilosiores
1748 1824 1947 1953 persicis,

251 2012 408 2075 aestate
434 2012 578 2074 tamen
607 2010 772 2106 praeter
798 2015 960 2103 sparsos
997 2005 1154 2069 setosos
1196 1983 1307 2101 pilos
1351 1985 1439 2070 sere
1465 1962 1599 2070 nudi.
1670 1994 1863 2103 Hyemes
1902 1984 1946 2095 'm

252 2141 397 2260 aprico
423 2173 511 2227 non
539 2144 649 2226 bene
677 2142 838 2239 serunt,
866 2138 940 2221 sed
969 2137 1021 2221 ad
1051 2165 1178 2221 onera
1205 2134 1400 2224 vehenda
1429 2141 1564 2225 multo
1592 2137 1851 2227 valentiores
1871 2142 1946 2225 Bo·

252 2299 331 2382 bus
361 2294 606 2380 domesticis
632 2316 679 2379 et
707 2293 773 2376 lac
800 2292 1004 2407 praebent
1034 2295 1190 2401 majore
1217 2254 1476 2405 quantitate,
1512 2290 1733 2407 pinguius,
1774 2292 1853 2377 sed
1879 2318 1945 2379 cu·

253 2457 317 2564 jus
344 2451 544 2565 butyrum
572 2468 693 2562 gustu
722 2445 898 2530 sebaceo
926 2466 1003 2529 est.
1060 2440 1235 2528 Animal
1263 2439 1483 2527 moschum
1512 2443 1635 2528 vaide
1664 2446 1776 2547 olet,
1791 2530 1800 2547 ,
1816 2443 1946 2529 etism

255 2599 550 2689 excrementis.
607 2604 780 2683 Aestate
808 2596 961 2683 caloris
988 2594 1215 2713 impatiens
1244 2625 1394 2711 aquam
1422 2593 1553 2681 intrat
1594 2598 1665 2681 vel
1705 2596 1753 2684 in
1793 2598 1945 2717 palutio¹

256 2753 557 2841 decumbit—
585 2757 634 2836 In
661 2749 935 2868 profundiore
963 2779 1069 2865 aqua
1097 2781 1182 2834 non
1210 2769 1327 2834 natat
1353 2752 1427 2836 sed
1456 2753 1533 2836 sub
1563 2781 1671 2868 aqua
1697 2750 1852 2837 transit
1884 2778 1943 2839 so·

256 2903 310 2991 lis
337 2905 506 2992 naribus
535 2902 726 2989 exsertis.
783 2909 964 2987 lentum
988 2906 1047 2987 ad
1076 2900 1236 3005 omnia,
1267 2901 1350 2988 nisi
1379 2934 1509 3023 quum
1536 2903 1745 2991 irascitur.
1803 2902 1944 2993 Gradi·

255 3080 324 3143 tur
365 3080 562 3176 protenso
602 3054 757 3174 capite.
828 3054 1046 3141 Mentibus
1081 3088 1125 3139 ra
1156 3076 1276 3140 utero
1310 3079 1445 3172 gestat
1472 3089 1614 3145 vacca.
1670 3058 1815 3145 vituli
1843 3056 1942 3177 pilo

257 3212 388 3301 siores
415 3233 652 3299 nascuntur.
716 3213 902 3323 Tergora
937 3205 1190 3292 crassissima
1230 3230 1274 3335 et
1315 3212 1671 3328 praestantissima
1711 3242 1792 3331 pro
1833 3208 1942 3299 corio

254 3368 478 3459 solearum.
535 3362 708 3451 Animal
736 3363 831 3478 plus
859 3359 991 3475 duplo
1018 3360 1157 3477 pretio
1184 3360 1321 3447 carius
1351 3366 1489 3449 Bobus
1517 3365 1645 3452 vendi
1674 3366 1799 3452 solet.

392 3520 436 3604 N
442 3537 544 3603 ota.
601 3514 723 3603 Cutis
751 3513 870 3601 color
896 3510 944 3596 in
970 3512 1167 3601 omnibus
1194 3515 1332 3599 fuscus
1361 3546 1433 3601 seu
1461 3518 1651 3604 exsolete
1677 3516 1815 3635 niger.
1870 3518 1938 3603 Pii

260 3669 387 3756 setosi
416 3666 656 3781 nigerrimi,
699 3663 979 3751 fasciculatim
1008 3664 1140 3785 sparsi
1167 3669 1311 3753 subtus
1339 3667 1541 3783 elongati.
1611 3673 1782 3758 Cornua
1820 3668 1937 3757 utrin-

259 3850 342 3940 que
371 3818 594 3922 reclinata,
624 3819 789 3920 lunata,
820 3816 864 3900 in
894 3818 1128 3905 senioribus
1156 3817 1355 3903 maxima.
1419 3824 1609 3937 Ungulae
1630 3824 1805 3911 latiores
1825 3846 1937 3943 quam

258 3977 419 4079 Bobus,
448 3992 496 4057 ut
522 3968 667 4058 omnia
695 3970 878 4057 vastiore
903 3992 950 4057 et
975 3968 1221 4058 robustiora.

502 4229 629 4314 131.
719 4218 899 4311 BOS
962 4222 1311 4341 Poephugus.
1368 4223 1516 4323 TAB.
1555 4188 1709 4317 XXII.

393 4418 441 4496 Β.
472 4405 671 4491 cornibus
691 4404 944 4506 submersis,
973 4409 1106 4492 cauda
1128 4407 1316 4522 undique
1337 4409 1585 4525 longissime
1604 4410 1759 4499 villosa
1778 4414 1931 4501 sericea.

477 4555 728 4675 Pocphagus
746 4562 914 4643 Aeliani
935 4562 1029 4643 hist.
1052 4568 1178 4644 anim.
1207 4561 1279 4646 tab.
1295 4564 1388 4646 XV.
1417 4595 1510 4680 cop.
1540 4582 1600 4669 14.
1629 4568 1711 4651 XV
1710 4571 1745 4653 I.
1772 4602 1863 4685 cap.
1881 4598 1929 4649 rr.

476 4706 686 4801 Boeboeli
729 4707 947 4822 (Eubuli),
995 4710 1161 4799 Witsen.
1189 4714 1243 4798 N.
1272 4747 1323 4801 en
1350 4714 1403 4803 Ο.
1436 4716 1581 4807 Tutor.
1618 4724 1686 4809 ed.
1711 4726 1771 4813 Π.
1803 4716 1927 4811 ΝΗ·

532 4893 631 4980 pag.
661 4875 729 4947 66.
1396 4898 1401 4905 ·
