4410 5910
266 426 360 508 440
1045 417 1197 469 m

267 620 493 734 interjecto
523 618 669 707 lobulo
698 641 845 722 acut03
886 625 1018 731 cystis
1045 616 1175 702 nulla.
1242 620 1462 702 Interanea
1500 611 1793 730 pinguissima.
1863 619 1961 703 Ven-

267 781 437 888 triculus
463 770 784 887 panniculosus,
824 769 991 887 Apibus
1005 765 1397 855 -bombiuatricibus
1425 768 1673 882 plerumque
1700 770 1880 852 refertus
1906 769 1962 853 la·

265 923 387 1010 ceris.
442 925 666 1040 Epicardis
698 924 829 1011 nulla.
883 926 1125 1011 intestinum
1165 956 1210 1008 ro
1241 919 1470 1039 pollicum,
1511 919 1587 1004 vix
1613 919 1769 1005 calami
1797 919 1963 1007 corvini

263 1105 419 1191 capax,
463 1074 665 1160 distantia
691 1075 886 1192 pollicari
915 1079 968 1160 ab
1011 1105 1092 1159 auo
1134 1073 1408 1160 constrictum
1447 1094 1491 1158 et
1529 1071 1669 1157 coecis
1709 1070 1965 1157 instructum

263 1229 426 1313 duobus
454 1227 691 1343 parallelis,
731 1227 1037 1326 fusilormibus,
1078 1224 1153 1312 vix
1188 1224 1320 1312 culmi
1346 1224 1595 1341 capacitate.
1667 1230 1719 1308 In
1756 1221 1965 1309 intestino

263 1409 478 1494 nunquam
505 1377 587 1464 nisi
618 1377 821 1494 chymum
850 1380 1040 1465 albidum
1079 1410 1232 1495 purum
1268 1376 1427 1495 reperi,
1470 1379 1583 1462 unde
1610 1375 1857 1464 verosimile
1886 1398 1964 1480 est,

265 1561 388 1616 avem
415 1532 567 1619 loricas
597 1565 723 1651 apum
751 1564 970 1631 exsuccos,
998 1563 1095 1617 curn
1123 1531 1322 1646 pedibus,
1357 1560 1434 1646 per
1462 1559 1508 1616 os
1536 1529 1725 1643 rejicere.

565 1786 650 1874 82.
742 1777 1118 1871 MEROPS
1190 1781 1427 1898 persico.
1513 1776 1657 1868 TAB.

272 1940 275 1949 ’
399 1946 462 2027 Μ.
505 1941 811 2049 uiridissimus,
858 1943 985 2027 fascia
1038 1939 1199 2028 oculari
1239 1941 1397 2029 viridi-
1413 1963 1499 2027 atra
1508 2001 1522 2040 ,
1562 1941 1661 2056 gula
1701 1938 1962 2059 ferrugineo·

260 2090 388 2200 flava,
417 2093 662 2181 rectricibus
689 2093 955 2182 intermediis
982 2091 1203 2213 elongatis.

480 2246 681 2363 Apiaster
710 2245 1125 2362 madagascariensis,
1169 2248 1353 2336 Brisson.
1390 2278 1475 2334 om.
1504 2248 1578 2331 IV.
1616 2278 1658 2361 p.
1688 2259 1785 2349 545.
1827 2277 1892 2365 sp.
1920 2281 1957 2356 7.

535 2400 622 2485 tab.
684 2437 721 2485 2.
776 2413 789 2484 i
823 2409 846 2480 .'
867 2435 904 2482 2.

483 2403 997 2669 Meropsisupbrgciliosus,
1025 2554 1115 2636 Lin.
1144 2571 1249 2679 εχει.
1280 2555 1315 2637 Ι.
1345 2584 1444 2670 pag.
1480 2563 1568 2638 res.
1603 2583 1666 2665 sp.
1694 2568 1736 2656 4.
1765 2552 1953 2635 Lashom.

536 2735 604 2789 av.
629 2706 687 2788 II.
715 2737 757 2820 p.
790 2719 885 2814 673.
914 2737 953 2790 n.
983 2720 1024 2807 4.

481 2861 652 2972 Merops
680 2856 864 2998 persica,
892 2860 1000 2942 Poll.
1029 2864 1117 2943 itin.
1145 2858 1201 2940 II.
1231 2890 1329 2975 app.
1359 2892 1399 2974 p.
1429 2870 1523 2967 708.
1559 2887 1598 2940 n.
1634 2869 1696 2941 16.
1726 2855 1814 2941 tab.
1845 2858 1901 2940 D.

479 3005 690 3108 Patirich,
719 3013 883 3120 Buffon.
913 3040 999 3094 orn.
1028 3011 1099 3094 VI.
1130 3042 1171 3124 p.
1201 3023 1297 3116 495.

395 3157 570 3273 Gurjevi
598 3182 643 3244 et
669 3157 994 3264 Astrachaniae,
1025 3162 1078 3245 ad
1106 3192 1221 3245 mare
1250 3160 1496 3277 Caspicum,
1524 3158 1675 3243 ultima
1704 3157 1851 3245 avium
1878 3157 1949 3244 mi·

258 3310 534 3424 gratoriarum
562 3304 757 3412 advenit,
787 3335 831 3395 et
857 3311 1037 3427 parcius.
1108 3311 1278 3399 Dicitur
1304 3312 1436 3398 instar
1462 3309 1653 3427 Apiastri
1680 3309 1882 3396 cuniculo
1908 3309 1950 3393 in

255 3459 624 3580 ripis-praeruptis
651 3463 850 3549 nidulari.
907 3472 1136 3580 Nunquam
1164 3494 1264 3549 vero
1292 3463 1339 3549 in
1367 3461 1621 3549 borealiores
1646 3461 1773 3551 maris
1797 3456 1950 3579 euspici

252 3611 468 3726 regiones,
496 3646 594 3701 cum
621 3584 820 3733 Apiastro
846 3639 1057 3733 evagatur.

390 3810 565 3907 Descr.
602 3813 872 3925 ,Magnitudo
903 3834 946 3894 et
973 3810 1108 3901 forma
1143 3807 1346 3924 Apiastri.
1413 3812 1607 3896 Rostrum
1632 3807 1826 3923 nigrum,
1870 3842 1946 3897 ms·

255 3957 360 4047 xilla
386 3956 603 4077 superiore
632 3961 838 4078 longiore.
896 3965 1024 4048 Frons
1052 3985 1095 4046 et
1122 3984 1277 4048 tractus
1303 3991 1427 4079 supra
1441 3959 1646 4048 -oeularis
1669 3990 1849 4075 cyanea,
1877 3963 1946 4049 ret

252 4108 366 4194 circa
393 4133 574 4195 rostrum
603 4114 710 4201 alba.
779 4118 889 4199 Lora
925 4111 1043 4229 nigra
1072 4116 1147 4200 sed
1174 4146 1271 4200 area
1300 4117 1352 4199 ab
1381 4114 1517 4202 oculis
1546 4115 1599 4198 ad
1628 4144 1749 4200 aures
1776 4119 1945 4203 obsutus

254 4257 425 4362 viridis,
455 4263 533 4348 sub
560 4293 696 4380 eoque
724 4287 881 4350 tractus
910 4267 1031 4352 albo·
1044 4297 1239 4382 cyaneus.
1306 4270 1414 4353 Gula
1441 4264 1577 4380 prima
1603 4265 1851 4369 flavissima,
1876 4268 1946 4353 sub

253 4411 367 4497 collo
395 4441 493 4497 area
521 4444 670 4530 magna
699 4414 865 4501 intense
892 4419 1004 4517 rufa,
1032 4421 1140 4504 flavo
1170 4417 1383 4506 contiuua.
1453 4420 1613 4536 Corpus
1640 4439 1780 4503 totum
1809 4418 1946 4535 psitts·

252 4591 330 4649 ceo
343 4613 360 4629 ·
373 4563 539 4667 viride,
569 4595 691 4680 supra
720 4564 935 4653 obscurius
964 4592 1008 4653 et
1035 4568 1169 4683 magis
1197 4570 1243 4655 in
1264 4571 1427 4658 luteum
1448 4593 1649 4686 vergente
1672 4572 1835 4677 colore,
1862 4571 1943 4688 plu

253 4711 334 4797 usis
352 4830 355 4834 ι
363 4714 519 4829 passim
546 4718 735 4837 margine
772 4720 1148 4834 glaucescentibus.
1217 4724 1325 4808 Alae
1364 4720 1658 4836 longissimae,
1699 4726 1847 4811 subtus
1872 4724 1941 4809 fen

249 4862 467 4982 ntgiueaer
495 4879 956 4991 rpmiges·tectricesque
981 4874 1099 4961 luteo
1114 4925 1129 4942 ·
1145 4872 1322 4983 virides,
1350 4872 1552 4960 interiore
1573 4873 1767 4992 margine
1794 4878 1938 4971 furere
