4410 5910
247 378 337 504 sn
1020 372 1168 459 ’-··“-··“-”·

413 661 538 765 044.
627 626 932 732 ΑΙ.Α111)Α
979 637 1269 726 00000100.
1362 633 1506 724 ΤΑΒ.
1555 632 1780 728 XXXII.

387 837 443 918 A.
474 857 648 944 corpore
677 849 768 911 toto
798 825 943 937 nigro,
972 852 1124 937 gryseo
1139 871 1153 887 ·
1170 823 1492 935 subsquamato,
1535 824 1667 906 cauda
1694 821 1936 908 concolore.

447 981 639 1098 ⁸Alauda
667 973 973 1090 yeltoniensis,
1000 977 1171 1058 Forster.
1201 992 1279 1055 oct.
1310 979 1422 1084 angl.
1451 975 1578 1057 LVII.
1619 1005 1660 1088 p.
1691 988 1785 1060 350.
1815 1006 1853 1056 n.
1876 986 1940 1060 56.

470 1131 636 1216 Alauda
665 1126 868 1231 tatarica,
897 1130 1003 1214 Pau.
1034 1135 1122 1212 itin.
1151 1126 1207 1206 11.
1238 1125 1412 1237 append.
1442 1156 1483 1235 p.
1513 1158 1606 1235 707.
1635 1156 1677 1206 n.
1700 1137 1762 1211 05.
1792 1125 1938 1210 tabe.

529 1281 663 1389 (haud
689 1282 836 1391 bona).

471 1455 638 1538 Alauda
668 1449 906 1554 mutabilis,
936 1454 1107 1537 Gmelin.
1131 1455 1219 1567 jun.
1247 1447 1354 1532 Nov.
1385 1451 1500 1533 Com.
1530 1445 1636 1532 Patr.
1660 1448 1755 1531 XV.
1785 1481 1827 1562 p.
1849 1465 1940 1558 479·

529 1605 613 1688 tab.
643 1618 707 1688 23.
727 1604 866 1714 fige
871 1602 1075 1711 .)(mala

474 1775 711 1859 Alauda
669 1806 817 1888 nigra,
847 1778 1084 1886 Sporrmon.
1111 1766 1214 1858 miss.
1236 1776 1423 1859 Carlson.
1452 1774 1532 1856 No.
1561 1808 1620 1879 ¹9·
1651 1776 1750 1856 lcon
1779 1773 1939 1882 (bona).

473 1927 677 2009 Alouette
708 1924 848 2028 noire,
879 1928 934 2007 D’
936 1924 1110 2008 Aubent
1141 1932 1239 2040 pict.
1269 1925 1354 2008 tab.
1383 1936 1478 2011 650.
1496 1927 1651 2036 fi8·¹·
1692 1924 1789 2030 (sed
1692 1925 1940 2038 (pedes

530 2104 668 2159 errore
696 2074 872 2189 pictoris
900 2075 1006 2158 falso
1033 2071 1182 2185 rubri).

296 2282 300 2289 ·
476 2227 610 2310 Black
639 2227 767 2327 Lark,
797 2229 988 2309 Lathom.
1017 2255 1111 2335 syn.
1142 2255 1204 2310 av.
1234 2228 1307 2310 IV.
1334 2231 1378 2343 p.
1408 2238 1500 2312 380.
1531 2256 1571 2307 n.
1605 2236 1696 2309 13a

476 2374 1411 2490 Μο00101010010,10010000.0701773800.
1427 2395 1485 2481 04.
1502 2379 1709 2492 Supplem.
1725 2408 1767 2492 p.
1781 2412 1868 2487 077.
1884 2391 1941 2463 03.

367 2524 512 2612 Rossis
543 2528 762 2611 Tscbernoi
780 2526 850 2608 vel
872 2528 1371 2638 StepnoiDsboworonolt.
1430 2527 1668 2615 Calmuccis
1699 2530 1942 2614 Uisa-ebbe.

250 2738 255 2753 .
394 2680 568 2762 Aestate
594 2677 640 2760 in
668 2674 828 2791 campis
854 2673 1051 2761 Tatariae
1078 2676 1264 2761 maxime
1292 2678 1495 2774 desertis,
1530 2710 1554 2761 a
1581 2675 1849 2791 Borysthene
1884 2707 1943 2761 us·

258 2858 342 2947 que
371 2831 423 2913 ad
451 2827 559 2911 Irtin
587 2831 629 2910 fl.
659 2827 846 2941 dispersa
874 2824 1009 2923 vivit,
1031 2850 1140 2941 'post
1168 2831 1386 2912 educatam
1415 2829 1604 2942 prolem,
1648 2827 1838 2913 maxime
1865 2834 1943 2913 Au·

257 3003 381 3097 gusto
407 3001 703 3093 congregatur,
747 2999 790 3060 et
817 3006 893 3092 per
920 2977 1015 3061 loca
1053 2977 1308 3090 salsuginosa
1344 2978 1502 3063 deserti
1529 3000 1622 3063 toto
1651 3002 1856 3065 autumno
1882 3012 1944 3063 va·

257 3154 401 3245 gatar,
446 3128 630 3213 maxime
672 3149 773 3211 tunc
813 3125 860 3209 in
900 3125 1071 3237 regione
1105 3126 1219 3211 lacus
1261 3129 1358 3212 salsi
1384 3131 1514 3212 Altau
1544 3157 1617 3212 seu
1647 3128 1764 3213 aurei
1794 3128 1945 3214 deserti

256 3278 482 3393 Volgensis
511 3278 720 3391 vulgaris,
763 3276 836 3361 ubi
864 3275 1023 3359 retibus
1050 3305 1127 3390 pro
1155 3275 1253 3362 cibo
1282 3277 1467 3392 capitur,
1511 3277 1666 3363 Turdis
1702 3309 1790 3363 non
1817 3289 1944 3394 pejor.

257 3437 309 3515 ln
339 3427 520 3542 Georgia
548 3456 716 3542 quoque
742 3427 1006 3539 frequentem
1035 3427 1276 3511 observavit
1316 3430 1413 3514 Gal
1421 3430 1673 3516 danstaed
1681 3450 1713 3514 t.
1785 3437 1944 3544 Hyeme

250 3580 428 3682 media,
458 3577 643 3661 maxime
672 3574 841 3660 nivibus
870 3604 1040 3659 ornnem
1066 3598 1222 3663 terram
1249 3578 1513 3693 tegentibus,
1544 3580 1656 3665 circa
1684 3577 1944 3694 Rhymnum,

253 3731 440 3844 Volgam
469 3752 514 3812 et
538 3735 701 3810 Tanain
728 3726 776 3809 in
805 3723 992 3808 maxime
1019 3727 1294 3831 australibus,
1337 3754 1385 3813 ut
1420 3753 1465 3814 et
1496 3729 1543 3815 in
1572 3729 1757 3815 Taurica
1785 3731 1946 3818 cherso-

257 3908 387 3983 neso,
430 3881 483 3963 ad
510 3907 640 3994 pagos
667 3900 711 3960 00
738 3873 934 3960 suburbia
965 3876 1130 3960 accedit
1172 3878 1378 3964 famelica.
1450 3879 1556 3964 Salis
1598 3880 1867 3996 asperginem
1903 3904 1944 3968 et

260 4027 637 4145 Chenopodiorum
666 4049 791 4141 atque
820 4025 1073 4110 Salsolarum
1100 4027 1260 4111 semina
1288 4028 1475 4114 maxime
1502 4053 1626 4115 amat.
1700 4037 1855 4119 Arena
1881 4032 1944 4117 vel

257 4180 433 4297 polenta
476 4209 614 4295 sparsa
654 4177 779 4263 facile
820 4177 874 4259 ad
913 4176 1020 4260 retia
1057 4176 1255 4262 allicitur.
1323 4181 1500 4266 Volatus
1536 4181 1674 4266 minus
1711 4183 1946 4300 expedims,

259 4361 387 4448 quam
414 4330 606 4415 Alaudae
633 4328 895 4444 coelipetae‚
933 4324 1133 4424 humilis,
1161 4329 1315 4414 brevis.
1383 4332 1588 4428 Cantillat
1614 4356 1801 4419 aestatae
1828 4330 1946 4420 humi

261 4486 434 4587 sedens,
465 4483 542 4567 sed
568 4480 720 4594 inepto
743 4475 899 4593 pipitu.
956 4478 1066 4564 Cum
1093 4508 1197 4564 voce
1228 4482 1401 4566 alaudae
1429 4483 1635 4568 subvolat.
1652 4528 1707 4543 -
1731 4484 1942 4570 Nidumin

259 4636 374 4720 nudo
404 4636 571 4718 deserto
597 4629 659 4716 ita
687 4627 908 4713 abscondit
936 4651 980 4712 et
1007 4627 1138 4742 tegit,
1180 4653 1228 4713 ut
1258 4631 1376 4715 nullo
1404 4634 1530 4717 modo
1558 4635 1753 4720 obtinere
1776 4635 1850 4719 diu
1876 4661 1942 4748 po»

263 4782 450 4892 merim,
490 4780 596 4871 licet
630 4778 824 4899 praemio
851 4776 1076 4868 comitibus
1103 4777 1270 4868 itineris
1295 4782 1525 4899 proposito.
1593 4789 1790 4873 Tandem
1814 4784 1861 4872 in
1884 4781 1941 4868 ul·
