4410 5910
885 358 1034 452 ··‘''·'²'''···.
1724 368 1814 452 453

344 561 507 642 Turdus
536 557 878 658 camtschaticus,
917 564 1106 646 Latham.
1138 595 1202 645 aa.
1233 565 1309 661 nt.
1354 598 1395 678 p.
1425 579 1490 651 28.
1521 597 1560 649 n.
1598 582 1658 671 ¹4·
1698 570 1814 655 Gmc·

398 722 468 798 lin.
498 733 603 822 syst.
631 714 719 796 Lin.
750 719 804 797 Il.
836 748 876 827 p.
907 728 1000 821 817.
1028 745 1089 829 sp.
1123 729 1188 800 58.

260 872 309 946 ln
338 863 468 985 sylvis
496 863 696 975 larycinis
727 848 974 978 alpestribus
1003 864 1233 968 Dauuriae,
1265 865 1449 950 maxime
1480 867 1593 952 circa
1618 872 1811 955 Condam

122 1021 163 1103 fl.
194 1016 574 1129 frequentissimum
604 1016 842 1119 observavi,
874 1017 947 1100 ubi
976 1019 1029 1098 ad
1057 1015 1390 1130 hybernaculum
1420 1019 1652 1116 desertum,
1700 1021 1810 1104 fame

120 1166 231 1251 inter
258 1167 376 1250 nives
405 1187 604 1278 cogente,
624 1167 806 1280 'copiose
837 1168 1073 1251 advolabat.
1144 1166 1353 1281 Alioquin
1381 1167 1647 1252 densissimas
1677 1194 1721 1253 et
1749 1202 1811 1255 re-

120 1318 368 1403 motissimas
398 1322 608 1432 sylvarum
637 1317 885 1402 solitudines
913 1317 1030 1402 colit.
1089 1321 1183 1403 Vox
1212 1317 1323 1400 inter
1343 1319 1571 1402 volandum
1593 1322 1681 1403 fere
1704 1320 1808 1406 Pici.

255 1474 427 1555 Descr.
485 1467 732 1582 Magnitudo
760 1476 811 1552 T.
840 1468 999 1584 pilaria.
1072 1473 1265 1553 Rostrum
1293 1497 1481 1572 cereum,
1526 1501 1648 1584 supra
1674 1472 1809 1585 longi·

115 1619 361 1706 tudinaliter
390 1646 434 1706 et
462 1623 581 1736 apice
611 1621 841 1732 nigricans,
885 1620 1037 1731 angulo
1074 1620 1245 1703 frontali
1273 1643 1415 1703 tamen
1444 1618 1718 1724 flavescente3
1761 1655 1808 1709 os

113 1770 224 1854 intus
253 1776 425 1872 flavum3
456 1774 705 1890 quibusdam
733 1794 911 1854 rostrum
939 1774 1026 1853 fere
1054 1793 1191 1854 totum
1220 1775 1386 1855 flavum.
1445 1773 1671 1882 Palpebrae
1701 1805 1805 1858 mar-

113 1923 211 2036 gine
240 1928 353 2010 nudo
382 1891 667 2008 flavescentes.
737 1925 866 2008 ludes
902 1925 1057 2005 fuscae.
1125 1925 1258 2035 Supra
1301 1945 1412 2007 totus
1454 1924 1804 2011 fusco-cinereus
1907 2038 1913 2048 .

113 2104 144 2157 s.
175 2076 326 2160 furvus.
383 2080 608 2189 Supercilia
636 2073 797 2190 pallide
826 2073 1075 2187 ferruginea.
1145 2077 1254 2156 Lora
1289 2075 1419 2159 fusca.
1489 2076 1597 2160 Gula
1635 2099 1678 2159 et
1719 2080 1803 2162 col·

108 2227 199 2309 lum
228 2249 381 2329 totum,
414 2256 542 2338 usque
572 2230 623 2309 ad
652 2227 861 2338 jugulum,
899 2224 1293 2337 rufo-ferruginea,
1337 2224 1383 2308 in
1411 2257 1512 2310 sexu
1542 2235 1670 2311 altero
1700 2258 1799 2311 exo·

110 2376 257 2474 letius,
288 2400 507 2491 tractuque
538 2376 701 2492 duplici
727 2400 978 2491 punctorum
1007 2379 1230 2460 fuscorum.
1288 2375 1471 2489 Reliqua
1498 2379 1639 2465 subtus
1668 2383 1797 2484 albus,

108 2527 413 2613 immaculatus.
481 2533 588 2612 Alae
629 2529 771 2610 subtus
806 2527 940 2612 dilute
968 2528 1252 2640 ferrugineae,
1295 2525 1470 2613 brachio
1498 2527 1800 2616 cinerescente·

110 2681 266 2765 albido.
322 2685 511 2793 demiges
546 2716 605 2786 ¹9·
636 2682 776 2765 fuscae
806 2679 993 2791 margine
1023 2680 1342 2764 cinerascentes.
1408 2681 1555 2764 Gauda
1587 2681 1797 2795 aequalis3
1883 2704 1886 2712 ·

107 2832 384 2916 Subcaudales
424 2831 514 2914 basi
557 2853 600 2913 et
639 2839 732 2916 alae
761 2834 904 2915 subtus
931 2829 1107 2914 dilutius
1135 2829 1411 2944 ferrugineas.
1479 2837 1685 2919 Rectrices
1712 2863 1797 2919 me·

108 2980 203 3067 diae
234 3017 271 3066 a.
301 3004 414 3065 totae
444 2985 603 3086 fuscae,
642 2981 860 3099 proximae
887 2981 1094 3078 exterius,
1134 3006 1356 3094 sequentes
1384 2984 1595 3095 margine,
1638 2984 1798 3068 extima

105 3155 214 3232 tota,
242 3133 479 3245 ferrugineo
493 3185 506 3198 ·
520 3138 648 3219 rufae.
710 3136 891 3218 Tibialia
918 3131 1115 3216 indivisa.
1173 3135 1300 3219 Pedes
1329 3138 1628 3219 fuscescentes:
1660 3164 1795 3247 genua

105 3286 336 3384 denudata,
368 3285 499 3370 tibiae
527 3286 754 3402 Posterius,
784 3284 994 3397 digitique
1023 3286 1164 3367 subtus
1193 3284 1314 3383 flavi,
1343 3316 1497 3396 ungues
1511 3284 1635 3398 nigri.
1694 3287 1795 3368 Pon·

104 3436 181 3520 dus
208 3435 424 3521 unciarum
453 3443 505 3522 ad
536 3476 556 3522 2
587 3469 683 3522 cum
713 3435 906 3521 dimidia.
971 3437 1203 3547 Longitudo
1233 3438 1292 3520 δ”.
1323 3446 1395 3544 7‘''.
1424 3439 1582 3521 caudae
1612 3446 1671 3522 δ”.
1702 3447 1791 3532 ὄψ’.

104 3585 261 3671 alarum
290 3620 568 3703 expansarum
603 3600 686 3672 10‘.
722 3597 814 3670 11'''.
844 3590 968 3671 ulnae
997 3590 1055 3689 4'‘.
1091 3591 1183 3668 21“‘·
1241 3589 1376 3670 Caeca
1405 3588 1489 3671 duo
1517 3589 1704 3702 parvula.

237 3745 281 3833 o.
312 3744 352 3823 V
349 3751 561 3826 arietatem
589 3740 714 3823 simul
743 3741 1034 3839 observabam,
1066 3768 1210 3851 quam,
1252 3736 1289 3818 si
1316 3737 1570 3823 intermedia
1597 3737 1791 3853 specimi-

101 3917 154 3970 na
181 3887 430 3990 defuissent,
458 3895 535 4006 pro
564 3892 763 3976 distincta
794 3889 946 4002 aliquis
974 3887 1116 4003 specie
1146 3885 1343 3971 haberet:
1372 3909 1507 3973 tractu
1528 3889 1791 4004 superciliari

102 4039 216 4138 albo;
258 4049 365 4126 collo
392 4065 555 4126 tantum
583 4043 764 4158 pallido,
810 4071 905 4125 cum
946 4038 1108 4155 duplici
1154 4061 1290 4123 tractu
1329 4062 1582 4154 punctorum
1623 4040 1791 4154 sagitta-

99 4188 224 4291 lium3
246 4198 412 4309 jugulo,
440 4219 630 4309 pectore,
680 4192 881 4277 lateribus
910 4192 1100 4275 obsolete
1129 4188 1397 4302 ferrugineis,
1438 4189 1523 4274 oris
1551 4190 1789 4305 plumarum

98 4339 223 4442 albis,
254 4353 491 4460 punctisque
509 4344 799 4429 terminalibus
821 4340 1027 4455 sagittatis
1049 4338 1198 4455 nigris3
1226 4371 1350 4454 supra
1377 4334 1787 4461 cinereo·virescen·

95 4515 204 4590 tem,
245 4493 384 4607 capite
425 4518 468 4578 et
512 4494 679 4580 cervice
720 4495 852 4607 magis
894 4491 1080 4595 incenis,
1132 4492 1388 4594 rectricibus,
1417 4513 1584 4606 praeter
1611 4493 1786 4590 medias,

98 4643 292 4729 omnibus
320 4646 588 4758 ferrugineis,
620 4646 741 4760 apice
770 4667 814 4727 et
841 4642 1026 4726 exterius
1055 4636 1255 4743 cinereis,
1288 4642 1449 4729 extima
1477 4641 1555 4727 vix
1582 4640 1785 4754 margine.

97 4794 291 4909 Speciem
318 4828 405 4881 non
432 4828 522 4882 esse
551 4797 815 4898 distinctam,
848 4817 983 4880 certus
1010 4823 1114 4878 sum.
