4410 5910
1026 390 1174 445 Ε
1850 363 1937 486 ter

254 620 460 711 „rumque
488 590 535 678 in
564 589 755 715 qualibet
781 595 915 678 bucca
954 605 1044 680 150.
1076 612 1360 692 numerantur.
1428 591 1670 682 Eaetutons'
1689 595 1945 716 mediaeque

253 781 336 854 „aa
368 750 422 832 ad
454 781 501 830 12
530 748 661 862 pedes
690 766 891 859 aequant,
932 745 1122 862 reliquae
1162 746 1295 861 duplo
1334 774 1381 838 ac
1417 744 1550 861 triplo
1575 746 1805 836 bras-iares.
1876 753 1945 837 Fi·

253 929 383 1014 „gura
411 897 465 982 iis
492 898 666 997 falcata,
694 896 797 983 hinc
822 927 1038 997 convexa,
1064 895 1187 982 illinc
1216 927 1423 1001 concava,
1452 900 1506 982 ad
1532 928 1624 984 sese
1652 923 1799 986 mutuo
1828 903 1943 991 exei-

250 1052 499 1169 „piendum
556 1054 781 1136 Accedunt
808 1073 922 1161 setae
950 1052 1249 1154 creberrimae,
1288 1049 1474 1153 flexiles,
1516 1051 1760 1157 crassiores,
1802 1055 1944 1142 variae

248 1202 583 1317 ,glongitudiniu
623 1212 742 1318 pa'rte
778 1203 1025 1318 praesertim
1061 1203 1277 1290 inferiore.
1345 1207 1560 1290 crassitiei
1598 1204 1945 1294 circumferentia

248 1354 395 1461 „inter
422 1355 643 1441 maxillam
667 1352 915 1440 inferiorem
938 1378 987 1439 et
1014 1354 1163 1484 pinnas
1196 1371 1243 1442 16
1272 1357 1485 1456 ulnarum
1531 1358 1685 1442 eadem
1712 1387 1824 1474 pone
1848 1360 1944 1476 pin»

253 1539 381 1613 „nam
418 1526 464 1611 14
492 1507 685 1591 ulnarum
713 1505 760 1591 in
787 1506 934 1591 medio
962 1537 1138 1623 corpore
1173 1544 1215 1591 ιι
1247 1510 1439 1593 ulnarum
1462 1511 1514 1593 ad
1536 1507 1744 1624 posticam
1769 1511 1946 1626 pinnam
2026 1523 2030 1535 '

252 1659 440 1772 ,',(dorsi)
458 1672 501 1744 '8‘
525 1660 718 1743 ulnarum
746 1661 799 1743 ad
825 1657 961 1773 ipsam
999 1659 1184 1775 denique
1213 1665 1389 1746 caudam
1418 1676 1461 1752 δέ
1487 1661 1695 1746 ulnarum.
1772 1663 1944 1750 Caudae
2093 1675 2096 1697 ¹

251 1809 467 1916 „lati-tudo
497 1844 519 1895 a
549 1839 788 1924 orgyerum.
841 1788 1086 1926 Longituia
1111 1813 1335 1928 pinnarum
1371 1812 1651 1930 pectoralium
1679 1833 1724 1918 4}
1750 1815 1945 1914 rtlnmum

253 1965 598 2077 „earundemque
627 1963 808 2049 latitudo
835 1964 1044 2050 ulnarum
1101 1972 1150 2050 In
1178 1969 1334 2053 Saeleta
1355 1966 1562 2052 vertebrae
1583 1966 1754 2050 fuerunt
1777 1981 1826 2052 61
1849 1967 1943 2083 qui·

251 2117 334 2202 bus
360 2116 458 2201 luco
485 2116 780 2228 cartilaginum
812 2119 933 2204 arbes
972 2115 1081 2204 ossei
1120 2117 1284 2232 gemini
1322 2115 1558 2232 interjecti;
1598 2147 1684 2202 non
1726 2118 1943 2221 omnibus3

212 2372 218 2384 .
248 2265 306 2354 iai
332 2268 378 2354 in
404 2267 645 2353 universum
670 2300 847 2356 numero
876 2285 950 2369 63,
983 2292 1126 2357 costae
1156 2285 1222 2358 30.
1279 2272 1340 2358 Os
1366 2269 1560 2374 unicum,
1599 2269 1697 2355 loco
1725 2270 1857 2357 sterni
1881 2271 1946 2358 in.

250 2445 321 2508 ter
347 2420 509 2537 priores
537 2443 670 2508 costas
698 2420 889 2509 haerens.
946 2425 1138 2510 Ossiauia
1176 2422 1260 2508 tria
1300 2421 1527 2538 gantusalia
1554 2452 1632 2537 pro
1659 2420 1850 2537 hyaidea
1877 2453 1948 2515 cos

250 2572 491 2660 haerentia.
546 2576 749 2691 Scapulae
772 2577 1094 2690 quadrupedum
1117 2576 1303 2693 scapulis
1339 2575 1514 2673 similes.
1571 2577 1760 2678 Hunoeri,
1802 2577 1948 2678 cubiti,
2085 2569 2090 2580 “

250 2729 445 2844 radiique
470 2756 563 2812 ossa
590 2725 802 2812 distincta.
859 2730 1028 2814 Humeri
1054 2728 1318 2830 brevissimi,
1354 2727 1507 2828 crassi3
1549 2735 1649 2814 uina
1687 2757 1786 2811 cum
1826 2729 1947 2815 radia

253 2881 386 2997 paulu
413 2879 594 2993 longior.
661 2882 814 2966 Pinnae
848 2881 1029 2966 ossicula
1046 2882 1258 2996 plurima,
1302 2877 1610 2998 synchondrosi
1648 2885 1814 2991 juncta,
1852 2911 1947 2967 cae·

249 3055 395 3118 terum
422 3029 637 3116 imitantia
661 3062 912 3148 compagem
940 3064 1085 3119 manus
1115 3032 1337 3118 humanae.
1398 3030 1723 3118 Corrchiformia
1747 3063 1846 3116 assa
1880 3065 1948 3146 pe·

251 3206 372 3270 arasa
399 3214 473 3270 seu
500 3184 709 3270 audinoria
739 3217 763 3270 a
790 3184 933 3270 cranio
964 3186 1179 3271 distincta.
1246 3188 1431 3268 Maxilla
1459 3180 1635 3264 inferior
1662 3181 1709 3265 in
1737 3184 1839 3265 duas
1865 3204 1947 3266 tra·

252 3338 334 3425 bes
363 3335 501 3422 divisa
527 3337 722 3452 condylis
745 3367 916 3442 carens,
958 3361 1123 3423 tantum
1159 3334 1401 3452 ligamentis
1426 3336 1603 3418 firmata.
1674 3337 1875 3418 Granium
1900 3331 1948 3418 in

251 3511 358 3576 octo
380 3519 477 3574 ossa
505 3490 741 3577 d'ucedans.
800 3497 849 3574 In
873 3493 1010 3574 cauda
1037 3488 1148 3574 ossei
1175 3488 1301 3603 plane
1330 3484 1443 3571 nihil
1465 3482 1777 3601 deprehensum
1798 3487 1947 3591 fiterat,

255 3644 335 3729 aed
362 3664 528 3727 tanturn
554 3672 701 3729 carnea
728 3641 1024 3756 durissimique
1051 3640 1261 3727 tendines.
1330 3640 1523 3726 Ossicula
1542 3708 1544 3713 .
1564 3641 1648 3724 duo
1687 3641 1832 3724 lunata
1866 3634 1950 3754 spi·

253 3795 404 3882 .raculo
433 3795 685 3905 adjacentia.
755 3801 907 3900 „Cutis
944 3793 990 3878 in
1017 3816 1110 3878 toto
1137 3824 1314 3910 corpore
1343 3797 1478 3893 fusca,
1521 3791 1681 3896 tenuis,
1724 3794 1830 3877 duro
1857 3791 1950 3875 sub·

255 3968 418 4053 „strata
456 3949 607 4047 larda,
657 3953 773 4064 quod
813 3949 910 4034 loco
948 3945 1207 4032 crassissima
1254 3945 1435 4031 cervicis
1480 3942 1613 4030 trium
1652 3949 1951 4060 spithamansm
2099 3951 2101 3956 ’

254 4099 479 4205 „crassitie
505 4101 638 4186 fuine

650 4259 773 4362 149·
862 4178 1259 4334 Batauus
1347 4231 1566 4358 soom?

400 4411 450 4492 B.
478 4406 698 4523 tripinnis,
727 4431 875 4494 ventre
902 4409 1083 4509 sulcata,
1119 4429 1253 4492 rostro
1274 4427 1412 4492 acuto.
1468 4402 1655 4490 &abati
1681 4404 1797 4517 phul.
1827 4429 1868 4513 p·
1885 4403 1958 4504 290⁴

257 4559 352 4645 tab.
387 4595 422 4643 ι.
463 4563 646 4648 Brissan.
672 4564 821 4678 quadr.
850 4595 892 4678 p.
922 4575 1016 4648 355.
1046 4592 1085 4643 n.
1115 4594 1155 4669 7.
1186 4625 1187 4628 a
1309 4638 1315 4650 .

485 4710 761 4800 Pikeheaded
802 4711 979 4818 Whale,
1015 4714 1127 4799 Dale
1154 4713 1322 4800 Hamis.
1347 4745 1393 4828 p·
1421 4727 1517 4815 4¹0·
1541 4739 1586 4793 a·
1614 4721 1655 4796 3.
1679 4706 1806 4810 Pena.
1833 4701 1955 4790 Zoal·

532 4867 633 4956 ina
662 4877 771 4981 (4²⁰)
801 4869 878 4951 ΠΙ.
905 4901 950 4982 ρ.
978 4881 1045 4956 so.
1074 4899 1115 4952 n.
1150 4900 1212 4982 ¹7·
