4410 5910
1018 415 1169 485 a
1395 530 1400 539 Ι
1847 418 1941 515 ως

472 609 770 733 Cepra'lbex,
796 613 972 703 Gntelin.
997 637 1106 728 syst.
1137 619 1225 705 lta.
1252 619 1288 705 1.
1312 624 1357 734 p.
1392 632 1481 728 196.
1509 625 1571 741 sp.
1597 624 1649 707 a.'

367 767 516 859 Rossis
538 767 825 855 adleniseam
840 769 1015 857 Tarmel
1038 770 1132 854 Tib.
1169 771 1595 884 Mougolo·Buraetis
1619 774 1780 894 Tabijo.
1807 773 1945 892 Kirgi„

421 921 479 1006 sis
495 923 773 1010 Tau-Toelse'.
828 920 993 1007 Tataris
1007 920 1241 1033 Sajanensis
1261 921 1350 1037 jugi
1370 923 1613 1009 monticolis
1626 947 1671 1010 et
1682 927 1944 1016 Udensibusr

347 1188 356 1203 ·
417 1079 536 1179 Mas,
569 1075 755 1187 Toegher
783 1073 961 1176 femina,
988 1075 1189 1187 Higmae,
1210 1076 1381 1159 Hoedus
1393 1078 1657 1198 Bitschinjae.
1696 1077 1943 1177 Sinensibus

416 1208 708 1313 Solon-tbii
737 1255 777 1312 e.
806 1223 1015 1313 Montium
1041 1253 1221 1310 scansor.
1276 1226 1460 1342 Dugoris
1482 1226 1673 1327 Caucasi,
1700 1230 1944 1318 Sabaudbr?

389 1381 441 1464 In
468 1376 641 1464 summis
670 1376 959 1464 cacuminibus
987 1375 1148 1492 alpium
1171 1377 1476 1491 Sayanensium
1503 1380 1770 1494 praesertim,
1814 1383 1945 1473 rarius

251 1534 502 1618 altatcarum
530 1553 690 1616 aestate
719 1531 831 1618 circa
859 1531 978 1615 niven
1006 1552 1050 1615 et
1077 1527 1304 1654 inaccessis
1339 1529 1444 1617 locis
1472 1531 1677 1647 pascitur,
1713 1530 1870 1647 hyeme
1898 1533 1945 1620 in

248 1676 531 1771 clementiora
558 1705 602 1767 et
629 1712 849 1769 nemorosa
882 1679 1132 1799 depellitur,
1184 1678 1259 1765 ubi
1294 1713 1320 1764 a
1353 1683 1661 1798 Sayanensibus
1703 1685 1946 1772 monticolis

252 1834 496 1952 [requenter
523 1833 732 1920 occiditur
759 1832 871 1919 intra
907 1832 1079 1950 imperii
1106 1834 1224 1917 fines.
1280 1836 1540 1945 Extra‘fines
1567 1833 1614 1918 in
1641 1835 1812 1922 summis
1838 1838 1946 1953 jugia

250 1986 365 2075 inter
393 1985 639 2102 Songariam
668 2009 792 2102 atque
820 1984 1035 2071 Tateriam
1063 2014 1258 2098 magnam
1286 1989 1469 2101 finesque
1498 1985 1645 2071 Indiae
1669 2010 1713 2073 et
1732 1991 1946 2102 Tybetum

257 2139 350 2227 sitis
379 2142 575 2254 frequens
602 2169 694 2224 vesse
722 2136 892 2224 dicitur.
958 2144 1052 2221 Imo
1093 2133 1205 2223 inter
1243 2165 1392 2252 greges
1435 2136 1628 2253 caprinos
1670 2138 1948 2252 Kirgisiorum

258 2322 339 2379 uon
368 2321 463 2376 raro
491 2290 605 2406 capti
632 2288 807 2376 fortuito
834 2286 969 2376 hoedi
998 2288 1254 2395 sicutenim,
1298 2312 1463 2376 etcum
1492 2286 1668 2405 capellis
1704 2291 1948 2378 domesticis

258 2438 486 2561 hybridam
513 2443 677 2559 prolem
704 2465 950 2559 procreant,
978 2438 1102 2556 quale
1129 2441 1374 2557 exemplum
1397 2438 1444 2526 in
1464 2440 1640 2554 praedio
1666 2445 1778 2528 Clar-
1807 2445 1950 2533 Petri

250 2572 497 2717 llytschlsof
530 2578 742 2711 quondam
783 2590 874 2679 vidi
911 2615 956 2678 et
990 2590 1037 2676 in
1064 2582 1256 2709 Spicileg.
1298 2594 1417 2680 Zool.
1437 2595 1548 2703 fasc.
1575 2595 1653 2678 XI.
1694 2629 1735 2708 p.
1768 2608 1834 2683 33.
1858 2602 1949 2716 jam

247 2738 452 2865 exposui.
511 2752 560 2831 In
588 2745 784 2832 Helvetia
812 2775 978 2863 quoque
1004 2742 1116 2832 hanc
1139 2742 1275 2860 ipsam
1297 2741 1484 2860 speciem
1504 2742 1593 2828 dari
1612 2775 1640 2828 e
1663 2745 1951 2864 descriptione

249 2902 374 2989 (δῖαν.
407 2899 613 3009 Bertboud
640 2923 685 2985 et
711 2897 899 3015 eleganti
926 2904 1053 2984 Icone
1082 2927 1136 2980 ex
1176 2895 1374 2980 Helvetia
1414 2894 1539 2980 missa
1579 2895 1713 2982 cranii
1754 2895 1950 2985 animalis

249 3048 305 3141 in
331 3050 498 3169 alpibus
526 3049 801 3169 Zugiensibus
830 3049 982 3155 occisi,
1010 3047 1057 3134 in
1085 3051 1228 3135 Museo
1256 3051 1469 3164 quondam
1490 3050 1742 3134 Platteriano
1771 3082 1952 3137 asserva·

248 3198 296 3292 ti
322 3201 424 3288 satis
451 3205 733 3289 confirmatur.
788 3201 972 3315 Videtur
999 3224 1142 3286 tamen
1184 3199 1444 3316 frequentior
1484 3197 1531 3282 in
1572 3199 1846 3285 Helvetorum
1891 3203 1950 3285 al·

250 3332 472 3477 'pestribus
499 3386 589 3443 esse
617 3380 661 3443 et
695 3357 773 3442 sub
814 3346 985 3440 nomine
1026 3357 1218 3441 Steinbok
1260 3349 1403 3466 (capri
1442 3350 1668 3465 rupestris)
1712 3382 1809 3436 cum
1849 3383 1951 3440 vero

259 3506 383 3596 Ibice
424 3509 629 3595 confundi
669 3512 909 3625 Aegogrus,
954 3538 1080 3622 quem
1120 3494 1279 3624 primus
1322 3506 1373 3589 ab
1408 3501 1490 3586 isto
1519 3500 1660 3617 specie
1688 3502 1948 3618 distinguere

257 3658 407 3749 docui.
463 3663 590 3746 Addo
619 3669 774 3748 iconem
800 3683 847 3746 et
874 3658 1000 3745 simul
1028 3658 1354 3747 communicatas
1396 3685 1606 3739 mensuras
1647 3651 1766 3739 istius
1803 3657 1949 3767 cranii,

255 3786 343 3933 'pro
371 3813 604 3931 supplenda
631 3810 810 3898 historia
837 3815 963 3899 lbicis
992 3813 1151 3929 alpium
1178 3810 1441 3896 sibiricarum
1477 3805 1524 3890 in
1552 3804 1794 3925 spicilegiis
1829 3809 1952 3905 exhi·

254 3961 375 4072 bita,
406 3995 514 4082 quae
542 3995 612 4051 me
641 3966 694 4050 ab
722 3962 921 4050 ulteriore
949 3963 1022 4051 hic
1051 3994 1241 4050 sermone
1268 3960 1465 4046 exsolvit.
1524 3967 1598 4047 Est
1626 3985 1788 4049 autem:

539 4116 687 4205 Cranii
714 4116 936 4232 longitudo
965 4149 1123 4202 summa
1153 4149 1193 4201 α.
1221 4169 1274 4183 -
1304 4117 1344 4201 b.
1385 4165 1400 4179 ·
1439 4166 1456 4180 ·
1496 4167 1511 4179 ·
1567 4167 1582 4182 ·
1645 4120 1705 4222 9''.
1743 4113 1814 4220 9'''.

539 4268 741 4355 Latitudo
768 4273 959 4384 ejusdem
985 4260 1125 4354 versus
1151 4299 1307 4355 cornua
1333 4300 1372 4354 c.
1400 4317 1444 4336 ·-
1482 4267 1524 4350 ἀ.
1567 4319 1582 4334 -
1652 4267 1711 4352 5¹.
1752 4263 1823 4372 9''‘.

539 4420 779 4535 Longitudo
806 4450 1021 4521 cornuum,
1052 4423 1211 4508 b.--e.
1265 4473 1280 4492 -
1335 4472 1351 4491 ·
1405 4471 1422 4489 ·
1476 4469 1492 4488 ·
1547 4421 1597 4502 α’.
1658 4418 1713 4500 ι”.
1747 4429 1819 4503 δ”.

541 4572 756 4658 Distentis
783 4571 896 4660 inter
923 4604 1125 4660 comeum
1153 4574 1295 4692 apices
1324 4608 1357 4662 a.
1376 4629 1422 4644 -
1431 4577 1470 4685 f.
1555 4605 1597 4654 -ι.
1654 4579 1714 4656 δ”.
1751 4572 1823 4656 6”’.

546 4725 1127 4845 Diometermajor,b-g.
1210 4780 1228 4798 ·
1308 4780 1325 4798 ·
1416 4775 1432 4794 ·
1573 4775 1591 4792 ·
1654 4725 1715 4811 δ”.
1752 4729 1824 4809 δ”.

453 4964 473 4975 ,,
528 4880 663 4966 -Idem
691 4877 832 4967 antiae
860 4882 1115 4969 transversus
1175 4931 1193 4951 ·
1272 4931 1291 4954 ·
1369 4929 1389 4952 ·
1468 4928 1486 4949 ·
1574 4929 1592 4947 ·
1653 4880 1719 4976 a‘'.
1747 4865 1823 4969 cl.

1479 5066 1530 5146 29
