4410 5910
1747 390 1837 494 tur

130 656 336 776 scribere
374 680 644 797 potuerim‚·
665 675 746 768 sed
784 682 950 768 multas
988 678 1125 769 etiam
1161 685 1339 801 species
1377 699 1424 769 et
1459 682 1558 769 Illis
1581 697 1629 768 et
1664 678 1838 767 Zoolo³

133 861 208 983 gis
244 856 459 944 omnibus
496 855 677 976 ignotas
715 854 1044 958 adinvenerim,
1082 857 1355 944 minutorum
1392 875 1545 944 autem
1581 855 1834 942 animalcu·

138 1036 311 1135 lorum,
376 1022 503 1145 quae'
544 1026 721 1116 Insecta
766 1045 1016 1127 vocantur,
1087 1047 1135 1115 et
1177 1029 1512 1118 Verminiorum
1557 1006 1834 1144 inquilinam

138 1202 401 1305 historiam,
466 1227 603 1318 quarn
638 1202 858 1288 nominati
895 1204 1233 1319 observatores,
1296 1200 1545 1289 Botanicae
1582 1201 1725 1320 magis
1765 1197 1836 1285 in·

129 1377 278 1480 tenti,
344 1373 432 1462 vix
477 1375 747 1494 attigerant,
809 1377 996 1491 plenam
1044 1375 1151 1463 satis
1188 1393 1235 1462 et
1272 1375 1494 1463 curiosam
1538 1373 1835 1469 condiderim«

135 1542 392 1667 Complevi
430 1546 537 1633 dein
574 1549 775 1634 collecta
811 1548 860 1632 in
897 1546 1089 1635 Sibirico
1125 1549 1315 1662 itinere,
1348 1518 1499 1636 'facta
1535 1548 1627 1635 alia
1665 1547 1713 1633 iu
1751 1574 1836 1633 au·

133 1724 343 1813 straliora
381 1718 595 1824 Rossiae,
651 1720 708 1806 ad
745 1714 1006 1808 Caucasum
1043 1739 1090 1808 et
1125 1723 1175 1810 in
1212 1716 1501 1811 Chersoneso
1537 1720 1713 1806 taurica
1748 1734 1837 1836 pel

131 1888 443 2017 regrinatione
483 1890 636 2012 (Anno
674 1888 1028 1983 MDCCXCIII.
1069 1914 1131 1983 etw
1152 1895 1284 2018 lV.);
1336 1897 1573 2011 multaque
1609 1874 1834 2008 suppedii

137 2066 270 2156 tavit
304 2066 485 2154 amicius.
524 2060 701 2170 Meri,
756 2068 837 2184 qui
875 2096 979 2154 cunr
1015 2066 1249 2159 navarcho
1302 2066 1549 2180 Billings
1586 2046 1835 2193 glacialem
1925 2139 1928 2145 .

147 2256 195 2327 et
225 2238 488 2327 orientalem
524 2239 785 2339 Oceanum,
842 2240 1018 2329 Insulas
1055 2243 1174 2331 circa
1210 2238 1578 2332 Camtschatcam
1602 2257 1650 2327 et
1675 2204 1836 2326 versus

134 2411 392 2503 Americam
428 2441 624 2530 sparsas,
669 2415 907 2534 ipsamque
943 2379 1198 2505 Americam
1235 2418 1350 2504 adiit
1387 2416 1520 2503 etin
1555 2412 1833 2532 colligendis

134 2587 327 2692 avibus,
372 2588 602 2705 piscibus,
647 2574 836 2705 plantis
859 2590 1075 2679 assiduuo
1113 2590 1216 2679 fuit.
1290 2589 1418 2691 Quid
1453 2589 1728 2706 praestitum
1758 2585 1835 2685 sit}
1929 2641 1935 2647 ·

136 2784 197 2850 ex
223 2733 375 2878 ‘opere
412 2763 515 2878 ipso
551 2763 834 2880 perspicient
870 2766 1024 2885 gnari,
1066 2767 1192 2882 quod
1228 2764 1370 2852 tacite
1407 2791 1631 2880 nusquam
1667 2750 1833 2848 alienis

133 2906 311 3072 ditari
330 2935 539 3052 opibus..
603 2936 841 3054 Quicquid
880 2939 1001 3024 enim
1028 2939 1086 3024 de
1125 2937 1296 3025 Natura
1332 2937 1623 3055 moribusque
1647 2936 1840 3022 animal
1923 2959 1925 2963 ’

138 3101 255 3196 lium
292 3108 627 3198 adnotaverant
663 3110 843 3198 laudati
879 3112 1005 3216 Viri,
1068 3090 1150 3200 uel
1187 3106 1417 3233 Collegae
1454 3111 1545 3229 qui
1572 3136 1748 3196 mecum
1785 3107 1835 3194 iri

144 3281 231 3367 hoc
277 3309 439 3398 campo
484 3285 767 3373 desudarunt
803 3297 850 3372 et'
887 3313 1041 3371 omnes
1078 3304 1184 3374 ante
1221 3316 1290 3373 me
1328 3313 1451 3371 nnnc
1487 3285 1587 3370 vita
1624 3284 1836 3368 excesso·

155 3472 272 3560 runt,
324 3456 523 3544 fideliter
560 3458 779 3546 indicavi.
871 3457 1356 3550 Messerscltmidii
1393 3454 1703 3575 equidemad
1740 3455 1836 3540 mal

162 3647 231 3710 nus
263 3646 440 3718 tantum
475 3595 607 3718 venit
642 3627 999 3747 Ornithologicon
1033 3628 1287 3739 Sibiricnm,
1341 3658 1615 3751 sparsaeque
1653 3629 1702 3714 in
1737 3625 1837 3713 Ho⁴

173 3789 339 3908 degetico
377 3784 474 3912 ejus
515 3774 889 3921 observationes·
961 3804 997 3894 S
1005 3808 1201 3897 tellert
1236 3835 1346 3895 vero
1384 3802 1482 3892 s'ola
1526 3801 1841 3922 Ichtlryologio

172 3959 488 4066 Comtschotica.
596 3975 834 4068 Gmeliui
870 4000 918 4069 et
952 3966 1473 4102 Kroscheninilofii
1510 3979 1710 4140 schedae
1746 3974 1835 4062 vix

164 4139 396 4267 quidquam
433 4153 652 4240 utilitatis
690 4156 968 4244 adtulerunt.

318 4325 383 4412 Et
424 4329 541 4414 haec
583 4329 826 4445 quidem
812 4359 860 4417 1n
904 4332 1050 4449 prima
1095 4331 1243 4419 fronte
1289 4329 1512 4417 monenda
1559 4342 1711 4423 erant,
1782 4324 1837 4408 ut

147 4489 375 4584 c⁰¹18taret
411 4528 531 4616 quae
568 4501 738 4619 cuique
775 4505 876 4592 laus
914 4507 1147 4615 debeatur
1246 4501 1380 4593 Nunc
1418 4502 1527 4589 ad
1513 4528 1614 4642 rpsa
1649 4497 1837 4584 Faunae

143 4629 403 4759 Rutheno·
424 4674 641 4762 asiaticae
678 4704 801 4765 sacra
839 4680 1062 4768 venio-
1096 4678 1263 4798 Regio,
1299 4681 1429 4786 cujus
1466 4670 1711 4759 animantia
1745 4660 1838 4754 hoc*

141 4830 289 4926 ‘'Pere
323 4849 556 4954 recensui,
619 4878 847 4970 quamque
886 4855 1087 4943 breviter
1123 4854 1273 4944 animo
1309 4861 1645 4969 percurramus,
1708 4846 1855 4962 parte⁸
