4410 5910
1031 346 1179 412 ΕΒ
1573 336 1576 340 ’
1856 342 1949 436 495

253 568 315 658 ria
344 588 389 655 et
417 569 468 653 ad
496 562 678 680 Volgum
706 556 1020 646 observavimus
1046 568 1287 645 sanatorem
1314 550 1603 674 pulcherrimo
1629 575 1755 678 atque
1776 549 1946 639 intenso

257 725 399 811 colore
427 722 489 806 ita
516 717 796 814 eminentem,
830 736 878 800 ut
904 712 1005 798 fere'
1020 740 1098 828 pro
1127 741 1238 798 nova
1266 709 1407 827 specie
1436 708 1689 826 imponeret.

390 976 558 1059 Descr.
616 972 808 1054 Rostrum
836 969 1019 1070 fuscum,
1056 987 1210 1066 tenue,
1250 957 1582 1078 longiusculum,
1625 961 1717 1050 basi
1745 956 1952 1079 depressia

251 1127 461 1233 usculum,
503 1123 665 1236 angulis
692 1120 896 1237 plumosis
931 1116 1104 1232 'lougius
1145 1100 1487 1233 procurrentibus
1529 1139 1574 1200 et
1613 1116 1759 1201 setulis
1801 1118 1854 1199 ad
1895 1143 1952 1200 os.

250 1277 414 1392 Lingua
440 1273 634 1375 linearis,
665 1271 786 1388 apice
815 1266 1067 1384 quadriaeta.
1139 1269 1272 1353 Nares
1300 1267 1529 1380 oblongae,
1573 1268 1791 1380 squamula
1817 1289 1953 1384 poste·
2030 1274 2034 1280 '
2105 1281 2109 1288 '

251 1430 337 1516 rius
365 1459 575 1528 convexa,
625 1454 791 1540 supera,
836 1421 1019 1505 anterius
1048 1419 1181 1534 magis
1210 1416 1359 1502 hiante
1402 1435 1446 1502 et
1474 1440 1667 1532 apertura
1697 1443 1820 1504 orata
1864 1445 1954 1535 per*

250 1580 360 1667 viae.
417 1583 549 1666 Irides
576 1578 730 1661 fuscae.
788 1575 947 1684 Corpus
983 1571 1263 1684 (vulgaribus)
1306 1601 1429 1684 supra
1457 1591 1596 1654 totum
1624 1572 1958 1661 flavo-cineras-

250 1764 370 1837 cens,
401 1734 472 1815 vel
502 1729 737 1813 virescente
766 1724 1003 1821 cinereum,
1039 1751 1181 1806 versus
1210 1722 1389 1805 caudam
1418 1720 1636 1809 flavidiusz·
1682 1729 1792 1812 Lara
1820 1730 1957 1827 fusoa;

250 1893 361 1972 linea
389 1875 671 1996 supraciliaris
701 1907 724 1960 a
753 1897 887 1961 rostro
915 1871 1126 1990 incipiens
1163 1871 1368 1968 exalbido
1382 1927 1397 1940 ·
1411 1878 1660 1982 flavescens,
1703 1878 1956 1990 quibusdam

252 2041 373 2122 flava.
430 2018 582 2117 Subtus
611 2030 727 2114 albet
754 2025 939 2130 avicula,
970 2025 1085 2112 collo
1107 2024 1326 2112 sordidula
1355 2026 1659 2133 cinerascente,
1690 2033 1834 2147 jugulo
1858 2031 1956 2118 cris·

252 2217 382 2303 soque
410 2181 744 2270 flavescentibus.
804 2179 980 2264 Alarum
1010 2179 1129 2265 bases
1156 2183 1321 2279 subtus,
1361 2180 1609 2297 praesertim
1637 2151 1848 2296 margine,
1894 2185 1956 2269 in·

251 2358 370 2424 tense
400 2340 547 2420 flavae.
606 2335 778 2417 Fomoro
806 2328 1132 2427 cinerescentia,
1174 2331 1352 2415 armillis
1382 2330 1499 2415 flavis
1540 2309 1545 2315 ’
1578 2333 1781 2449 Remiges
1810 2337 1956 2421 rectri-

253 2519 406 2603 cesque
435 2489 596 2584 fuscae,
631 2482 777 2568 limbis
805 2479 1138 2566 flavescentibus.
1208 2484 1357 2595 Gauda
1387 2484 1642 2571 subbifurca.
1711 2487 1841 2573 Pedes
1866 2489 1960 2573 lone

254 2629 459 2757 giusouli,
499 2660 671 2758 tenues,
711 2633 759 2717 in
794 2631 1028 2745 junioribus
1070 2632 1193 2742 (alias
1222 2631 1476 2749 simillimis)
1520 2635 1647 2737 fusci,
1687 2640 1767 2729 sub
1809 2637 1958 2754 digitis

253 2815 417 2878 tautum
448 2793 665 2877 flaventes,
708 2782 755 2868 in
784 2782 937 2868 adultis
966 2814 990 2868 e
1019 2786 1135 2869 fusco
1171 2783 1338 2871 intense
1381 2789 1656 2891 lutescentes3
1701 2792 1865 2875 tibialia
1892 2790 1962 2876 in·'

254 2947 371 3028 ferne
400 2941 584 3026 incisura
612 2934 749 3020 unica.
819 2935 985 3019 Pondus
1013 2937 1142 3050 vulgo
1175 2934 1490 3040 bidrachmale,
1534 2969 1632 3024 cum
1660 2943 1855 3057 scrupulo
1883 2941 1954 3026 vel

255 3073 419 3208 aliquot
448 3089 608 3204 granis,
649 3116 741 3171 raro
782 3086 845 3170 dr.
889 3083 1172 3198 sesquitrium.
1241 3088 1476 3199 Longitu‘do
1517 3091 1571 3173 ad
1605 3091 1859 3206 uropygium
1892 3093 1950 3177 a“.

262 3247 372 3337 rof'.
400 3244 558 3328 caudae
594 3248 648 3321 1''.
685 3241 776 3320 1o''‘.
806 3236 931 3320 ulnae
970 3235 1129 3319 alarum
1160 3248 1218 3320 2‘'.
1248 3245 1319 3348 7'''.
1348 3266 1627 3353 expansarum
1656 3246 1717 3350 7'‘.
1747 3242 1870 3328 rostri
1899 3245 1958 3329 ad

256 3394 342 3482 oris
371 3396 544 3508 angulos
573 3393 660 3482 54⁶2
689 3386 894 3471 tibiarum
922 3389 993 3494 9'''.
1006 3439 1064 3454 —
1092 3391 1225 3473 Sexus
1255 3388 1543 3474 differentiam
1569 3392 1730 3477 nullam
1758 3393 1953 3480 invenire
1983 3387 1988 3398 ’

255 3544 398 3664 potui,
441 3545 524 3630 nisi
552 3542 665 3657 quod
701 3539 755 3622 in‘
790 3566 903 3620 mare
943 3539 1123 3653 remiges
1163 3539 1435 3629 secundariae
1474 3543 1703 3662 pleraeque
1743 3543 1955 3633 rhacheos

258 3697 533 3783 subtilissimo
555 3721 762 3814 ‘mucrone
792 3688 1069 3776 acuminatas.

393 4004 438 4093 β.
467 3994 508 4075 V
513 4000 715 4088 aristas
741 3984 1027 4102 pulcherrirna
1072 3987 1260 4102 (maris),
1301 3988 1413 4091 milu'
1439 3991 1506 4083 bis
1535 3992 1711 4088 omnino
1736 3995 1851 4082 visas
1887 4027 1955 4084 su·

258 4175 336 4260 pra
362 4144 528 4229 intense
555 4142 686 4240 niret,
723 4151 856 4255 strigo
881 4140 1145 4256 supraciliari
1173 4168 1313 4252 usque,
1343 4143 1401 4233 ad
1441 4144 1588 4231 octdos
1625 4149 1756 4252 fla-va,
1791 4145 1957 4247 dehinc

258 4296 373 4397 alba,
416 4294 569 4378 lunula.
589 4294 684 4377 alba
711 4297 788 4377 sub
813 4315 992 4406 utroque
1020 4294 1155 4376 ocule.
1226 4293 1390 4406 Corpus
1430 4295 1574 4382 subtus
1612 4301 1882 4390 flavescenti·
1897 4299 1965 4401 ab*

257 4449 372 4530 bum.
429 4450 606 4541 Alarum
632 4473 778 4558 margo
805 4443 1074 4544 durissimus,
1100 4447 1218 4541 frasso
1246 4464 1507 4557 squamatim,
1543 4461 1732 4550 teatrlcss
1755 4450 1958 4536 secunda·

258 4598 347 4683 riae
375 4597 607 4683 exteriores
635 4597 757 4712 apice
785 4594 971 4680 exterius
998 4598 1154 4685 albent.
1210 4597 1347 4689 Pedes.
1356 4595 1483 4693 fusco.
1495 4601 1707 4704 barenses,
1761 4606 1961 4689 Rostrum

258 4749 471 4866 nigricans
498 4748 673 4833 maxilla
701 4749 901 4834 inferiore
930 4744 1092 4835 albida..
1143 4750 1310 4859 Pondus
1338 4769 1385 4844 et
1407 4779 1629 4858 mensurae
1658 4753 1834 4860 similes.
