4410 5910
1044 427 1190 477 2
1862 409 1946 518 149

262 617 476 706 sissimum
505 622 661 711 animal
687 621 733 708 in
764 621 1026 711 Chersoneso
1054 623 1252 728 Taurica,
1289 625 1363 712 ubi
1377 624 1527 713 uineis
1554 628 1751 732 noxium,
1794 627 1951 743 hyeme

258 772 474 885 juniorum
515 773 709 891 stirpium
749 808 884 863 ramos
925 776 1228 893 praecidendo
1250 799 1294 861 et
1335 809 1435 863 uvas
1464 775 1642 864 maturas
1671 784 1949 884 comedenda

261 921 388 1011 Circa
417 926 649 1014 Caucasum
677 951 720 1014 et
747 932 800 1055 ad
830 932 1008 1017 Cumam
1035 951 1079 1013 et
1105 934 1239 1013 Terec
1267 902 1443 1012 flurium
1486 929 1812 1045 inferioremque
1849 933 1950 1021 Vah

259 1102 357 1189 gam
384 1080 516 1182 solus,
561 1113 773 1196 nunquam
800 1062 1112 1179 Leanabms,
1153 1078 1386 1194 capiuntur.
1456 1081 1631 1164 Habitat
1667 1081 1797 1192 etiam
1837 1084 1950 1173 circa

259 1228 458 1312 australia
485 1232 699 1317 Uralensis
726 1232 815 1347 jugi
841 1231 1141 1348 promontoria.
1198 1236 1248 1313 In
1276 1229 1430 1317 Sibiria
1468 1230 1587 1331 omui
1622 1233 1753 1345 deest.
1820 1236 1950 1318 Pelles

256 1373 475 1490 hybernae
505 1379 608 1466 olim
648 1382 727 1468 vili
754 1384 893 1500 pretio
921 1404 1108 1497 emptae,
1137 1413 1249 1467 nune
1276 1380 1323 1466 in
1336 1410 1338 1416 ’
1351 1380 1619 1496 quintuplum
1646 1382 1864 1484 vaeniunt,
1896 1382 1949 1467 ad

256 1550 447 1634 exteros,
476 1562 554 1648 pro
582 1532 790 1649 pileorum
818 1534 990 1621 coactili
1018 1563 1165 1650 opere,
1195 1533 1442 1620 mittendae.

390 1757 435 1840 N
444 1777 541 1842 ota.
599 1765 649 1843 In
677 1759 861 1875 parvulis
887 1789 1054 1876 semper
1079 1761 1243 1844 macula
1270 1757 1418 1843 frontis
1446 1757 1561 1862 alba,
1603 1785 1711 1873 quae
1747 1756 1793 1841 in
1831 1758 1947 1842 adul·

254 1904 434 1992 tioribus
462 1909 586 2024 perit.
642 1917 779 2016 Haec,
822 1911 953 1997 etiam
994 1914 1105 2027 apud
1138 1919 1281 1996 Persas
1309 1907 1513 2024 vulgaris,
1556 1908 1717 2023 species
1758 1907 1806 1988 Z
1806 1937 1944 1992 oron·

253 2067 355 2144 stri
382 2058 589 2172 religione
615 2083 817 2177 tanquam
844 2062 1030 2148 maxime
1057 2041 1272 2178 impurum
1298 2060 1488 2146 omnium
1526 2057 1772 2144 animalium
1799 2054 1942 2171 prohi-

250 2211 386 2295 betur.
446 2211 586 2297 Etiam
614 2214 759 2298 Tatari
787 2235 831 2299 et
857 2244 881 2298 e
909 2215 1036 2328 plebe
1065 2213 1238 2299 Rossica
1264 2211 1546 2328 religiosiores
1574 2243 1599 2296 a
1624 2210 1769 2326 lepore
1819 2205 1944 2292 absti-

248 2383 376 2465 nent3
405 2394 517 2449 nunc
542 2386 684 2450 tamen
712 2364 867 2450 sensim
909 2367 1157 2450 adsuescunt
1196 2363 1334 2451 multi.

644 2576 784 2754 ‘sa
874 2646 1164 2738 nouus
1253 2645 1497 2738 ruat

389 2834 437 2914 L.
466 2830 597 2916 cauda
625 2829 746 2916 breti
774 2861 896 2947 supra
923 2829 1063 2946 nigra,
1094 2828 1256 2917 aurium
1285 2830 1448 2916 summo
1476 2828 1663 2946 margine
1692 2827 1829 2943 nigro.

468 2987 605 3097 Lepus
632 2981 777 3085 Tulei,
822 2985 977 3071 Pallas.
1012 2991 1112 3097 glir.
1143 3015 1241 3100 pag.
1276 3019 1337 3094 17.
1379 2983 1583 3069 Sclreber.
1626 2988 1836 3067 mammol.
1863 2980 1936 3062 IV.

496 3126 564 3249 p·
592 3148 687 3247 878.
715 3135 801 3221 tab.
834 3150 926 3240 234.
956 3136 1128 3221 Gmdin.
1156 3155 1261 3250 syst.
1289 3140 1380 3220 Lin.
1407 3137 1442 3218 Ι.
1471 3167 1512 3249 p.
1548 3147 1636 3219 162.
1664 3164 1726 3249 sp.
1756 3143 1797 3218 8.
1838 3133 1937 3236 Buf-

511 3289 603 3397 fou.
634 3291 727 3372 hist.
755 3307 841 3371 nat.
867 3288 960 3373 XV.
989 3320 1030 3402 p.
1065 3300 1154 3375 136.
1462 3292 1464 3295 ’
1636 3271 1638 3274 ⁸

469 3435 699 3524 Cuniculus
727 3415 951 3552 insigniter
978 3441 1176 3524 caudatus
1201 3433 1357 3523 'coloris
1393 3425 1595 3550 leporini,
1636 3434 1808 3518 Gmelin.
1850 3459 1934 3515 sen.

520 3590 627 3676 uos.
655 3592 772 3675 eom.
800 3592 907 3675 eea.
937 3591 988 3675 V.
1016 3622 1057 3705 ρ.
1086 3605 1178 3701 357.
1216 3559 1301 3674 aaa.
1338 3624 1398 3672 ι..
1429 3591 1515 3702 fig.
1546 3620 1584 3672 2.
1613 3575 1727 3671 mna
1753 3585 1956 3716 aaaron.

521 3740 998 3859 ωὼμῃφᾶ
1657 3748 1828 3885 .··
1951 3736 1953 3740 ’

464 3891 625 3976 Baical.
652 3898 783 3996 Here,
811 3890 1005 3977 Pennana
1033 3895 1137 4004 syn.
1157 3923 1198 4007 p.
1227 3899 1319 3980 253.
1346 3921 1387 3975 n.
1421 3902 1510 3976 188.

359 4042 572 4158 Mougolis
604 4042 765 4129 Toolai.
820 4041 1024 4157 Tangutis
1051 4047 1249 4159 Rangaoo.
1305 4041 1486 4158 luponis·
1515 4041 1677 4153 Usagi?

384 4161 434 4276 ln
463 4193 679 4280 Montibus
721 4193 874 4310 apricis
914 4193 1132 4309 regionum
1176 4191 1604 4279 transbaicalensium'
1633 4210 1677 4273 et
1703 4216 1781 4304 per
1806 4202 1954 4271 omne·

249 4345 543 4457 Mongolorum
571 4348 781 4431 desertum
810 4353 927 4459 (cum
955 4351 1058 4460 Lep.
1088 4342 1301 4452 variabili)
1331 4338 1502 4460 eopiosa
1530 4320 1719 4458 species‚'
1750 4371 1774 4422 a
1802 4343 1850 4420 L.
1877 4332 1931 4418 ti·
2038 4317 2043 4335 ’

252 4492 373 4577 mido
398 4499 494 4583 verb
522 4496 706 4598 diversa,
735 4498 839 4585 licet
858 4497 905 4584 in
926 4527 978 4583 eo
999 4500 1243 4599 conveniat,
1273 4497 1388 4612 quod
1408 4475 1562 4611 hyeme
1577 4465 1956 4635 colorem'servet.{

922 4755 1237 4784 ’.ι-1.,-
