4410 5910
1023 330 1174 382 m
1852 325 1946 417 497

392 531 574 621 Arionis
602 525 834 616 certissime
863 562 887 616 a
915 536 978 616 Μ’.
1010 532 1204 619 Trochilo
1230 525 1449 633 distincta,
1490 527 1619 625 etiam
1654 545 1761 623 voce
1786 553 1831 617 et
1856 545 1944 620 mor

258 686 394 786 ribus,
423 683 526 768 licet
547 682 771 777 >simillima
800 704 846 775 et
871 681 971 778 ideo
999 683 1106 768 forte
1136 684 1328 795 neglecta
1350 680 1608 784 auctoribus,
1637 683 1944 796 quodpropter

256 833 608 950 inquietissimam
646 835 837 918 indolem
885 832 1140 920 difficillime
1190 831 1418 929 occidatur.
1454 921 1457 924 ⁴
1504 832 1650 949 Sylvas
1690 853 1738 915 et·
1772 832 1946 923 saliceta

258 1007 371 1070 amat
398 985 650 1088 excelsiora,
692 984 864 1068 summis
900 989 1094 1071 arborum
1122 984 1301 1098 fastigiis
1329 982 1516 1070 insidere
1544 1013 1701 1067 amans.
1770 986 1811 1067 V
1808 1015 1865 1071 ott
1894 983 1946 1074 si·
1998 1027 2001 1030 ·

255 1139 345 1225 bila
372 1136 526 1249 magis,
569 1165 696 1247 quam
737 1165 889 1220 canora
916 1157 960 1231 et
988 1165 1200 1249 nunquam
1240 1134 1464 1226 stridorem
1502 1131 1699 1220 Trochili
1738 1132 1941 1224 imitaturi

256 1295 306 1372 In
336 1287 482 1372 Rossia
510 1310 554 1370 et
580 1287 698 1374 omni
728 1286 882 1371 Sibiria
909 1285 1064 1401 passim
1091 1289 1311 1380 observata
1341 1286 1449 1386 iuit3
1493 1289 1569 1370 sed
1597 1309 1767 1405 propter
1803 1283 1948 1376 incon·

253 1438 444 1554 spicuam
473 1461 671 1522 staturam
699 1458 744 1522 ot
773 1438 959 1521 colorem
988 1467 1079 1521 raro
1108 1437 1376 1552 conspicitur.

290 1609 296 1620 ’
390 1592 566 1675 Descr.
622 1587 827 1673 Trochilo
857 1589 998 1671 multo.
1020 1586 1175 1687 minor,
1217 1590 1406 1700 adeoque
1435 1589 1599 1701 Regulo
1628 1587 1827 1701 aequalis.
1885 1584 1948 1677 Ot

253 1741 366 1825 intus
393 1770 603 1825 croceum.
659 1743 792 1854 Supra
819 1760 909 1825 tota
929 1768 954 1821 e
974 1738 1091 1820 fusco
1107 1735 1306 1822 -cinereo
1330 1738 1520 1834 virescit,
1549 1741 1684 1824 fronte
1706 1738 1946 1842 fuscidiore

253 1892 382 2004 striga
408 1888 666 2005 superciliari
696 1890 826 1976 nulla.
883 1892 991 1977 Gula
1020 1888 1187 1981 sordide
1217 1889 1336 1986 alba3
1361 1895 1552 2003 jugulum
1581 1890 1781 1983 flavescit.
1839 1899 1946 1986 Aias
2085 1932 2088 1943 ·

255 2044 398 2133 subtus
427 2040 614 2153 margine
642 2039 805 2125 intense
834 2041 1012 2141 flavent,
1043 2041 1205 2150 reliqua
1233 2041 1376 2125 subtus
1404 2040 1513 2130 alba.
1570 2043 1717 2139 Pedes,
1758 2061 1805 2124 ut
1831 2063 1944 2136 recte

254 2195 547 2292 Bellonius,
597 2189 801 2287 aterrimi,
847 2192 960 2304 quod
986 2190 1032 2271 in
1061 2194 1296 2272 Linnaeana
1324 2188 1607 2307 descriptione
1635 2192 1944 2304 corrigendum.

253 2345 408 2437 Ramex
437 2341 572 2456 prima
599 2340 860 2426 brevissima.
917 2342 1081 2425 Pondus
1110 2337 1334 2425 drachmae
1371 2367 1421 2437 ις.
1484 2345 1677 2427 Mensura
1705 2341 1828 2434 rostri
1857 2345 1945 2439 54⁰2

252 2527 280 2584 a
295 2496 471 2579 'summo
498 2514 629 2577 rostro
674 2494 727 2576 ad
764 2513 995 2576 extremam
1024 2492 1200 2575 caudam
1227 2502 1290 2596 4”.
1319 2490 1391 2579 6’”.
1421 2492 1617 2607 expansis
1645 2491 1721 2586 alis
1750 2501 1813 2578 δ”.
1849 2497 1945 2579 ιο”’.

386 2645 429 2728 N
436 2664 535 2728 ota.
590 2643 779 2728 Pondere
821 2663 865 2726 et
909 2640 1200 2754 magnitudine
1243 2640 1406 2731 similes
1445 2641 1628 2730 avicuhs
1666 2641 1711 2726 in
1740 2644 1825 2730 obs.
1857 2675 1946 2728 orn.

251 2797 342 2880 MS.
373 2791 596 2906 descripsit
620 2796 672 2878 M
682 2793 1109 2882 esserscbmidius
1137 2794 1189 2883 ad
1218 2797 1377 2884 Leaam
1406 2794 1665 2896 observatas,
1696 2793 1842 2877 titulo:
1868 2794 1946 2878 ne·

247 2953 342 3061 guli
369 2976 448 3030 non
474 2953 650 3041 cristati,
679 2952 858 3027 omnium
883 2947 987 3044 forte
1015 2951 1184 3034 minimi,
1242 2945 1326 3036 Sed
1349 2964 1468 3026 notat
1513 2942 1684 3055 strigam
1724 2972 1947 3057 supraocu·

251 3097 407 3197 larem,
451 3116 636 3178 arostro
665 3093 718 3175 ad
746 3089 928 3175 nucham
956 3091 1245 3190 flavicantem,
1285 3095 1360 3178 sub
1404 3121 1486 3205 qua
1514 3093 1657 3188 oculos
1685 3090 1843 3202 trajicit
1870 3092 1944 3174 du·

253 3267 345 3332 ctus
372 3247 522 3328 fuscus.
579 3245 699 3330 Idem
724 3242 974 3332 Edwards
1003 3249 1158 3353 (glean.
1186 3246 1243 3326 ΙΙ.
1284 3243 1368 3328 tab.
1401 3256 1494 3350 276.
1525 3244 1611 3354 fig.
1647 3248 1704 3352 ι.)
1744 3240 1790 3327 in
1817 3246 1963 3324 Ame··

253 3393 393 3480 ricana
423 3392 607 3490 avicula,
636 3424 743 3508 quae
771 3423 868 3477 cum
895 3364 1100 3497 Trochilo
1127 3423 1211 3485 non
1240 3415 1307 3488 em¹
1324 3394 1636 3478 contundenda.
1689 3398 1813 3491 Forte
1836 3398 1945 3479 Mes·

254 3543 517 3630 serschmidii
548 3545 636 3627 avis
660 3543 860 3628 distincta
887 3575 910 3626 a
939 3564 1092 3629 nostra.
1149 3551 1267 3631 Hanc
1295 3548 1509 3640 Latbam
1537 3550 1650 3657 (syn.
1668 3548 1741 3629 W.
1770 3576 1811 3660 p.
1828 3547 1968 3652 513.)¹

255 3729 331 3817 pro
359 3697 563 3784 varietate
595 3698 775 3782 Trochili
800 3691 954 3809 posuit.

518 3864 641 3956 131,
731 3856 782 3943 M
809 3856 851 3942 O
879 3852 925 3941 T
955 3855 995 3943 A
1025 3851 1066 3945 C
1094 3856 1113 3942 Ι
1140 3857 1176 3942 L
1203 3858 1308 3944 LA
1381 3857 1676 3975 pileolaio.

391 4004 451 4083 M.
485 3997 727 4097 flavissima,
756 3997 881 4086 dorso
907 3995 1162 4091 virescente,
1199 3996 1316 4110 pileo
1342 3997 1488 4112 nigro,
1528 3994 1775 4095 rectricibus
1801 3999 1940 4088 fuscis.

390 4150 500 4236 Cum
540 4154 601 4233 M.
647 4147 885 4259 rubiginosa
923 4174 978 4233 err
1019 4145 1155 4241 maula
1196 4147 1361 4244 Kadiak
1402 4147 1528 4246 ntitas
1565 4171 1631 4244 est
1672 4151 1725 4244 ab
1783 4162 1939 4237 amicis.

253 4304 501 4413 Biliings.
780 4418 783 4422 ἠ

393 4454 567 4536 Descr.
597 4451 845 4561 Magnitudo
872 4471 917 4534 et
943 4451 1075 4533 forma
1104 4456 1167 4543 M.
1193 4453 1356 4564 ΗΘΜ,
1409 4453 1603 4547 Rostrum
1629 4450 1807 4565 nigrum,
1837 4482 1942 4536 cras·

254 4600 502 4710 uiusculum,
545 4600 943 4716 depressiuscilluru.
985 4600 1160 4695 maxilla
1199 4600 1397 4699 iuferiora
1431 4602 1522 4699 basi
1551 4603 1693 4700 albida
1721 4604 1789 4699 vel
1818 4604 1943 4687 luses-

254 4775 395 4845 oeute.
454 4754 661 4845 Vsbruaat
689 4758 744 4846 ad
770 4755 855 4851 orii
882 4754 1057 4870 angulus
1083 4755 1247 4869 nigrae,
1273 4752 1444 4851 ambus
1470 4758 1615 4852 flavas·
1671 4759 1815 4854 Faria
1836 4775 1941 4857 totta

1451 4920 1503 4994 63
