4410 5910
256 421 349 508 340.
908 410 910 414 ’
1027 408 1182 465 ²³

252 619 472 740 disposito.
530 577 625 703 (lea
638 611 854 739 'anserinis
881 611 1019 728 paria,
1048 608 1308 727 globosiora,
1335 611 1432 697 alba
1442 671 1455 710 ,
1485 609 1625 701 lituris
1654 608 1832 705 minutis
1852 641 1947 704 nae·

250 775 334 860 via.
392 775 503 860 Pulli
529 770 733 884 lanugine,
754 766 881 851 nivea
909 765 1074 868 vestiti,
1104 796 1200 850 cera
1225 763 1490 887 pedibusque
1516 763 1779 869 flavisamis,
1808 771 1945 855 tuber·

250 926 350 1013 culo
388 925 436 1009 in
476 922 599 1039 apice
638 920 763 1007 rostri
805 918 963 1005 albido.
1032 923 1197 1030 Hyeme
1238 916 1418 1034 patriam
1458 950 1543 1007 non
1580 919 1830 1038 relinquunt
1866 918 1948 1008 hae

251 1075 456 1189 Aquilae,
496 1096 540 1159 et
568 1073 784 1191 leporibus
811 1069 1100 1187 capreolisque
1128 1068 1291 1154 vivunt.
1356 1077 1508 1186 Neque
1548 1095 1728 1188 cogente
1769 1073 1951 1160 necessi·

249 1250 337 1315 tate
380 1231 588 1315 cadavera
628 1248 848 1330 recusant,
890 1225 1005 1339 quod
1045 1242 1091 1306 et
1130 1224 1184 1308 de
1226 1245 1429 1338 sequente
1441 1284 1457 1324 ,
1498 1222 1779 1339 omnibusque
1819 1225 1949 1314 lacilc

253 1379 473 1496 speciebus
500 1380 628 1464 valet.

258 1573 261 1580 ·
389 1534 568 1617 Descr.
622 1527 769 1615 Junior
807 1526 896 1614 avis
936 1525 1077 1612 media
1116 1524 1273 1641 hyeme
1313 1529 1456 1614 adulta
1494 1530 1761 1645 ponderabat
1798 1532 1953 1619 decem

253 1681 381 1770 libras
410 1682 619 1781 medicas;
647 1680 833 1766 seniores
862 1654 992 1764 eti-am
1018 1702 1238 1794 superant;
1266 1683 1457 1795 adeoque
1483 1677 1592 1766 haec
1614 1679 1805 1797 species,
1832 1713 1949 1799 prae·

255 1858 324 1921 ter
345 1836 549 1951 Aquilam
576 1832 837 1949 pelagiam,
874 1832 988 1917 inter
1026 1852 1191 1916 nostras
1230 1831 1428 1917 maxima.
1496 1834 1690 1919 Rostrum
1715 1836 1949 1940 robustum,

254 1987 444 2090 brevius,
484 1984 705 2101 magisque
731 1986 963 2080 aduncum,
1003 2013 1131 2097 quam
1157 1980 1205 2066 in
1232 1982 1431 2098 reliquie,
1470 1984 1599 2097 figura
1639 1984 1728 2071 lere
1770 1985 1947 2086 Asturis,

253 2139 567 2241 coerulescens,
605 2160 797 2221 extremo
825 2132 1015 2248 nigrum,
1054 2137 1108 2219 ed
1135 2165 1278 2220 ceram
1304 2138 1544 2221 flavescens.
1607 2125 1721 2223 'Cere
1749 2136 1947 2225 convexi·

251 2291 417 2389 escula,
453 2291 564 2393 lata,
596 2286 844 2391 flamssima,
885 2317 1025 2371 versae
1052 2285 1177 2371 rostri
1204 2286 1440 2402 marginem
1468 2289 1626 2372 flavum
1651 2289 1812 2376 deleta.
1868 2292 1949 2376 No·

169 2452 173 2459 “
253 2473 318 2528 res
342 2441 518 2556 oblique
553 2462 724 2540 ovatae,
766 2461 1000 2524 antromum
1038 2441 1218 2537 effusae,
1263 2435 1599 2554 patentissimae,
1641 2439 1811 2528 concha
1848 2440 1946 2529 deli-

254 2612 459 2676 sescenta.
528 2592 759 2706 Palpebrae
797 2591 1092 2696 nudiuaculae,
1136 2589 1279 2675 albido
1320 2589 1610 2703 lanuginosae,
1655 2591 1773 2680 linea
1815 2595 1944 2712 pilon

254 2772 398 2827 versus
426 2741 658 2856 marginem
678 2745 862 2846 nudum,
885 2742 1163 2859 pupillosum,
1194 2744 1500 2828 latescentem
1554 2747 1945 2864 Perioplabulrm'rm

255 2923 462 3000 crassum,
507 2925 732 2999 renosum,
770 2876 966 3012 opacum.
1033 2898 1163 2978 lactes
1201 2917 1440 2989 castaneae,
1481 2924 1558 3009 per
1598 2896 1809 2983 ambitmn
1837 2901 1946 2984 fiseo

256 3046 554 3132 denticulatae.
611 3049 838 3163 supercilia
865 3046 1130 3163 prominula,
1167 3047 1306 3145 nuda,
1346 3079 1467 3162 supra
1502 3044 1654 3132 setosa.
1729 3049 1871 3166 Caput
1904 3067 1945 3133 et

254 3196 404 3283 cervix
429 3196 587 3313 plumis
612 3227 641 3280 e
665 3199 782 3286 fusco
808 3197 1244 3312 ferruginescentibus.
1307 3199 1536 3314 Reliquum
1564 3227 1715 3314 corpus
1742 3231 1868 3319 supra
1890 3222 1945 3286 to

254 3371 372 3453 tum,
410 3350 573 3434 alarum
610 3351 731 3434 bases
769 3351 1050 3465 teetricesque
1079 3351 1354 3437 secundariae
1387 3380 1417 3436 e
1456 3355 1646 3438 bnmneo
1674 3352 1829 3468 nigra,
1861 3352 1944 3471 plu·

254 3499 337 3587 mis
364 3523 509 3586 tamen
536 3501 699 3617 ubique
721 3502 835 3601 basi,
877 3534 973 3588 cum
1014 3503 1216 3616 lanugine
1247 3501 1368 3589 albis.
1439 3504 1632 3607 collum,
1671 3526 1847 3621 pectus,
1884 3502 1942 3589 d·

255 3654 398 3737 subtus
425 3675 469 3736 et
497 3653 681 3739 maxime
710 3656 810 3768 gula
834 3653 969 3769 magis
997 3677 1107 3754 atra,
1145 3655 1301 3770 plumis
1344 3654 1510 3771 aliquot
1540 3656 1648 3743 albis
1686 3656 1739 3742 in
1778 3679 1942 3774 pecten

256 3805 508 3918 quandoque
536 3804 813 3919 interspersis.
869 3808 1118 3911 Abdomen,
1147 3805 1342 3906 crissum,
1371 3811 1529 3894 femora
1556 3808 1825 3912 intus-alba;
1857 3807 1940 3895 nib·

255 3954 454 4042 candales
478 3954 599 4071 apice
626 3956 1049 4073 ferrugineo-firmae.
1120 3959 1269 4042 Cende
1300 3958 1443 4044 obiter
1465 3962 1711 4061 rotundatu
1751 3958 1939 4048 monus·

255 4106 397 4213 albae,
427 4108 699 4195 extremitate
724 4110 893 4228 nigrae3
918 4107 969 4194 in
992 4104 1241 4195 tectricibus
1265 4113 1424 4198 caudae
1454 4114 1609 4199 albedo
1635 4111 1750 4201 basis
1778 4111 1855 4201 vix
1876 4136 1936 4226 tp·

253 4279 388 4374 paret.
443 4262 636 4376 demiges
680 4277 746 4350 ⁹6.
785 4293 952 4366 omnes,
992 4259 1310 4378 primorumque
1335 4263 1532 4350 tectrices
1560 4263 1728 4378 nigraes
1774 4267 1934 4353 rode·

254 4433 450 4498 extremo
488 4414 618 4498 valde
656 4438 919 4529 augrntatae3
959 4414 1230 4501 secundariae
1272 4419 1521 4503 rotimdatae
1548 4448 1649 4504 cum
1673 4417 1833 4535 exiguo
1855 4440 1934 4503 sc*

205 4665 210 4676 Ι
252 4559 384 4647 ruine.
458 4564 604 4651 Tibiae
644 4593 779 4680 usque
804 4567 860 4652 ad
895 4566 1055 4683 digitos
1089 4566 1266 4654 albido·
1285 4569 1527 4684 plumosaea
1564 4570 1692 4685 digiti
1717 4558 1932 4666 flammi.

237 4688 459 4824 'mum
484 4713 639 4829 nigris,
668 4745 847 4832 quorum
873 4717 1078 4836 poeticus,
1108 4717 1370 4836 interiorque
1392 4721 1628 4810 anticorum
1648 4721 1697 4809 in
1716 4723 1927 4842 persecu·

254 4861 568 4957 emmenum
591 4868 759 4982 uuae,
799 4868 994 4964 maximi.
1018 4920 1076 4941 -
1114 4875 1311 4965 Mensura
1346 4877 1402 4966 ad
1427 4872 1683 4995 uropygium
1715 4887 1762 4963 ι’.
1789 4878 1849 4991 7''·
1869 4860 1926 4957 θ’·
