4410 5910
1028 332 1177 385 Ξ
1852 343 1938 427 4η
1993 373 1999 383 .

262 534 419 623 Contra
446 535 500 620 ad
525 530 708 646 Volgum
734 549 779 612 et
798 527 946 631 oham
980 528 1021 613 fl.
1063 526 1293 630 rarissime,
1333 529 1437 624 alibi
1476 545 1688 651 nusquam
1723 535 1942 653 apparuit,

260 712 314 771 ae
340 684 516 801 quidem
544 685 598 769 ad
623 679 832 766 lenisear'n
859 701 904 765 at
929 678 976 766 in
1002 680 1205 785 Dauuria,
1248 682 1332 771 ubi·
1360 699 1503 773 tamea
1543 685 1736 800 regiones
1776 686 1939 803 aptissi-

260 864 367 923 mae.
435 841 567 920 Deest
596 860 768 949 quoque
787 832 896 916 lere
936 830 984 916 in
1023 829 1201 917 Taurica
1242 828 1554 927 Chersoneso·
1590 843 1702 923 Raro
1742 839 1941 953 exemplo
2049 818 2051 822 Α

258 985 371 1074 circa
398 982 644 1100 Petropolin
670 981 833 1068 occisus
861 979 942 1066 fuit
968 981 1222 1095 sporadicus.
1291 990 1367 1071 Est
1382 999 1445 1071 'et'
1464 984 1513 1070 in
1541 991 1707 1103 Europa
1735 986 1945 1073 rarissima

260 1135 369 1242 aris,
406 1158 453 1221 ut
481 1158 580 1222 vera
605 1133 743 1250 petria
768 1131 896 1219 Asine
923 1135 1088 1219 deserta
1114 1124 1375 1220 ιίιῑιιιιιιιιιι.Ι
1412 1104 1514 1257 Sine
1541 1137 1671 1223 dubio
1698 1138 1814 1223 enim
1840 1134 1946 1226 haec

261 1310 359 1373 runt
384 1289 613 1375 Seleucides
651 1314 748 1373 auca
786 1286 948 1373 Plinii
983 1304 1028 1369 et
1052 1315 1155 1371 over»
1171 1287 1421 1389 >Mammea
1464 1315 1572 1400 quae
1598 1285 1645 1373 in
1672 1287 1836 1375 oriente
1864 1254 1943 1375 Loss

259 1463 398 1526 curtas
426 1437 735 1552 depopulantur
760 1456 804 1520 et
831 1457 947 1538 sunt,
989 1447 1098 1520 teste
1121 1437 1290 1552 Josoplt.
1317 1437 1504 1523 Borboro
1545 1439 1681 1551 (apud
1703 1442 1946 1529 Rammium

258 1593 353 1678 Vol.
382 1594 439 1672 Π.
465 1621 507 1707 p.
542 1597 652 1699 ¹⁰7·)
693 1586 810 1672 rubri
835 1584 1030 1700 nigrique
1057 1585 1224 1671 coloris.
1243 1633 1302 1652 -
1329 1588 1437 1674 eum
1465 1586 1649 1694 Sturnis,
1689 1586 1737 1677 in
1765 1587 1945 1703 regioni·

256 1742 334 1825 bus
362 1737 538 1842 nostris,
566 1736 804 1853 promiscue
831 1757 1156 1850 congregantur,
1184 1734 1370 1821 maxime
1397 1759 1493 1850 post
1520 1739 1745 1832 educatam·
1766 1716 1945 1853 prolenr,

256 1911 303 1977 et
329 1919 464 1974 mares
496 1888 628 1974 etiam
655 1887 867 1973 distinctis
906 1884 1054 1970 turmis
1094 1886 1253 1972 volant.
1292 1888 1408 1972 'Sed
1448 1887 1649 1984 maturius
1688 1887 1852 2003 vulgari
1892 1889 1946 1991 ad

256 2064 445 2126 austrum
473 2040 672 2153 migrant,
714 2038 910 2153 Julioque
938 2038 993 2122 ad
1020 2038 1166 2123 Ubann
1199 2044 1284 2148 jam
1327 2034 1577 2151 disparuisse
1614 2040 1805 2139 adultos,
1844 2038 1945 2146 solis

257 2192 387 2309 pullis
416 2188 654 2277 hornotinis
681 2178 796 2273 inter
822 2193 994 2302 Styrnos
1013 2187 1207 2301 vulgares
1230 2185 1369 2273 adhuc
1388 2186 1682 2292 volitantibus,
1712 2190 1946 2289 observavi,

258 2349 310 2428 ln
338 2340 516 2427 arbustis
545 2361 588 2424 et
615 2339 780 2454 pascuis
818 2339 1029 2447 Melo‘r‘des
1069 2358 1114 2424 et
1152 2340 1423 2436 Scarabaeos,
1465 2338 1511 2425 in
1554 2341 1736 2436 collibus
1775 2341 1944 2456 Grylios

256 2514 358 2579 tunc
386 2488 694 2604 copiosissimos
722 2489 888 2604 legunt,
931 2512 1109 2605 suntque
1151 2518 1176 2572 e
1210 2487 1450 2603 praecipuis
1487 2485 1642 2590 borona
1679 2491 1944 2630 destructori·

193 2697 196 2701 -
258 2644 355 2740 bus,
392 2671 488 2727 cum
525 2670 650 2726 corvo
679 2639 904 2754 frugilego,
947 2645 1099 2727 Sturno
1128 2638 1290 2753 vulgari
1319 2661 1363 2722 er
1389 2638 1640 2726 Pratincola.
1695 2642 1946 2728 Nidulorrtur

256 2792 303 2879 in
331 2791 450 2876 rimis
478 2815 521 2875 et
547 2789 781 2874 cavernulis
808 2790 1016 2877 montium
1044 2818 1285 2876 saxosorum
1312 2811 1355 2873 et
1382 2811 1719 2908 praeruptorum,
1752 2791 1946 2929 interque
2036 2872 2041 2880 .

260 2972 430 3027 acervos
454 2972 652 3066 'saxorum
679 2941 944 3055 sepulcrales.
1013 2938 1227 3028 Convenit
1265 2969 1362 3025 cum
1402 2942 1555 3048 Stumo
1597 2943 1760 3056 vulgari
1799 2943 1945 3083 colore

258 3093 469 3213 pullorum
497 3091 634 3208 primo
663 3120 771 3175 anno
801 3089 1098 3176 cinerascente.

396 3246 567 3330 Descr.
624 3216 870 3354 Magnatudo
897 3241 1023 3357 paulo
1049 3271 1172 3354 supra
1214 3238 1414 3325 Sturnum
1454 3242 1683 3380 vulgarem.
1751 3246 1946 3332 Rostrum

257 3392 395 3479 minus
421 3418 705 3510 tetragonum,
733 3391 983 3493 connexius,
1022 3386 1238 3475 levissime
1267 3414 1502 3531 arcuatum,
1532 3376 1813 3519 mandibulae
1840 3365 1949 3481 infe·

256 3543 380 3630 rioris
400 3545 587 3661 margine
611 3549 664 3631 ad
686 3543 805 3629 basin
824 3544 962 3628 minus
981 3540 1202 3626 evidenter
1222 3550 1433 3640 convexo,
1463 3571 1590 3657 quam
1610 3544 1659 3629 in
1679 3544 1834 3657 Sturno
1855 3529 1946 3631 vul·

251 3694 361 3841 gari.
419 3699 469 3782 V
456 3697 625 3784 rbrrssae
653 3692 807 3780 nullae
862 3694 994 3777 Nares
1020 3694 1096 3776 sub
1126 3692 1277 3806 angulo
1304 3678 1526 3835 plumaceo
1544 3716 1815 3850 procurrente
1835 3696 1950 3813 froti-

255 3843 314 3931 tis
341 3843 637 3948 forniculatae,
665 3875 836 3959 squama
865 3840 1121 3980 angustiore,
1150 3854 1326 3989 qnam
1292 3838 1351 3926 i'n
1376 3831 1554 3951 eodem,
1581 3862 1661 3959 per
1682 3872 1842 4012 quarn
1828 3832 1948 3929 linea

256 3996 477 4114 plumacea
505 3997 703 4085 excurrit.
769 3988 931 4113 Lingua
966 3972 1114 4109 plana,
1158 3998 1340 4077 'corr'reo-
1355 3964 1729 4094 membranacea,3¹
1732 3950 1854 4119 apice
1829 3966 1945 4078 bl-

252 4130 374 4230 fido·
388 4146 541 4232 lacera.
599 4148 728 4234 Color
755 4141 878 4230 rostri
905 4172 930 4226 e
958 4138 1158 4247 corneolo
1193 4128 1436 4289 rubescens,
1477 4143 1554 4245 sed
1591 4140 1703 4259 baris
1728 4126 1945 4229 maxillae

257 4293 471 4381 inferioris
497 4319 542 4380 et
568 4297 679 4382 basis
705 4289 928 4410 superioria
956 4274 1086 4403 usqu'e
1113 4289 1168 4373 ad
1195 4319 1315 4375 nares
1346 4313 1473 4378 atrae.
1541 4276 1664 4379 Ocuri
1697 4278 1819 4378 fusci.
1847 4279 1944 4379 (b

257 4441 371 4527 intras
399 4467 443 4529 et
472 4445 616 4560 lingua
642 4441 1044 4555 livido-nigricans.
1071 4452 1075 4457 ’
1100 4443 1237 4571 Garun
1260 4462 1309 4536 ,Θι
1334 4451 1488 4530 collum
1508 4442 1732 4551 aterrima,
1773 4441 1940 4528 nitidie

248 4591 377 4706 sima.
433 4596 636 4709 Occipitis
663 4597 830 4711 plumae
862 4593 1117 4721 elongatae,
1157 4591 1350 4695 ιιιίιιιο,
1391 4591 1694 4697 nitidissimae,
1736 4593 1942 4706 arrigrrae.

256 4744 416 4856 Corpus
443 4775 468 4830 e
496 4775 615 4832 roseo
643 4746 808 4848 album,
847 4743 989 4829 colore
1024 4746 1174 4840 florum
1195 4741 1412 4869 lersicaeq
1453 4752 1705 4875 uropygiuarr
1738 4740 1944 4851 ‚albidius-
