4410 5910
263 446 352 532 3¹4
1028 448 1176 495 Ε

256 638 306 735 ca
347 649 466 733 Idola
511 640 758 759 adfiguntur.
825 642 992 729 Birraeti
1022 674 1147 759 saepe
1175 646 1355 759 pellem,
1395 645 1440 729 in
1468 642 1692 760 tuguriolis
1719 643 1953 761 principali

257 801 363 897 loco,
382 829 642 915 suspensam,
672 820 871 911 tanquam
901 799 1128 881 amuletum
1159 797 1415 882 fortunatum
1442 799 1598 883 colunt.
1670 798 1802 912 Apud
1829 799 1953 879 Mon

254 953 372 1065 golos
402 974 445 1034 et
474 951 723 1037 Calmuccos
751 949 1002 1033 faustissime
1031 946 1188 1032 haecce
1218 949 1460 1033 aestimatur
1488 949 1599 1051 avis,
1630 979 1762 1064 quam
1780 934 1861 1061 qui
1884 973 1951 1029 oc·

253 1101 384 1200 cidit,
413 1100 585 1186 silentio
612 1102 659 1184 in
686 1098 848 1214 pertica
877 1104 1004 1184 fixam
1030 1097 1077 1182 in
1106 1099 1202 1183 avio
1230 1103 1412 1214 quodam
1440 1101 1602 1185 tumulo
1631 1096 1826 1200 extollit,
1857 1128 1955 1211 qua·

254 1252 290 1337 si
317 1254 440 1347 coelo
468 1229 791 1353 sacrificaturus,
819 1281 903 1365 quo
931 1250 977 1334 in
1005 1251 1145 1365 plures
1175 1282 1303 1334 annos
1333 1251 1587 1337 felicitatem
1616 1248 1701 1335 sibi
1729 1244 1954 1335 conciliari

253 1425 518 1488 constantem
546 1425 708 1519 putant.
783 1406 911 1517 Apud
951 1403 1173 1515 Mongolos
1215 1402 1398 1488 maxime
1445 1403 1491 1488 in
1528 1401 1690 1489 honore
1729 1422 1798 1485 est
1837 1398 1954 1500 ideo,

255 1557 370 1671 quod
399 1555 564 1639 dicatur
591 1552 697 1638 haec
726 1554 954 1668 aliquando
984 1558 1109 1666 Stryx
1138 1556 1280 1668 magni
1308 1552 1697 1670 Tschingis-chani
1724 1549 1865 1637 vitam
1890 1574 1953 1635 tn·

251 1730 382 1809 tasse,
424 1708 528 1790 dum
567 1708 710 1818 fugato
748 1710 827 1791 sub
859 1704 985 1790 initia
1020 1707 1210 1789 fortunae
1249 1707 1441 1791 exercitu
1468 1729 1565 1822 post
1591 1726 1758 1789 carecta
1783 1703 1954 1805 lateret,

251 1856 360 1942 haec
402 1887 502 1941 vero
537 1857 682 1942 frutici
717 1858 955 1973 propinquo
992 1855 1180 1940 insidens
1208 1856 1525 1972 insequentibus
1553 1854 1746 1941 hostibus
1775 1882 1953 1939 omnem

252 2007 537 2124 suspicionem
563 2010 687 2092 illum
714 2010 995 2123 perlustrandi
1024 2012 1185 2111 locmn,
1215 2011 1290 2094 ubi
1312 2008 1552 2095 solitudinis
1574 2037 1716 2092 amans
1740 2004 1833 2089 avis
1853 2034 1948 2092 oon·

254 2165 440 2263 sederat,
472 2160 652 2258 exemit3
683 2164 872 2275 adeoque
900 2163 1025 2246 saluti
1054 2159 1138 2245 fuit
1163 2168 1354 2274 Nyctea,
1377 2192 1505 2275 quam
1525 2159 1624 2246 dein
1651 2157 1950 2272 Mongolomm

253 2312 466 2430 principes
495 2342 577 2425 pro
601 2310 732 2424 regali
760 2311 918 2426 insigni
953 2314 1213 2415 habuerunt,
1253 2312 1516 2426 aliquamdiu
1553 2306 1784 2427 privilegio
1817 2306 1947 2395 sanci·

251 2486 352 2548 tam.
411 2470 539 2547 Extat
566 2462 697 2546 etiam
726 2494 836 2549 nunc
866 2465 912 2549 in
942 2465 1146 2551 fortalitio
1174 2471 1378 2578 Perecop,
1425 2466 1542 2583 quod
1576 2461 1741 2547 aditum
1769 2458 1945 2546 Cherso-

251 2612 343 2699 nesi
369 2614 575 2698 Tauricae
602 2616 783 2716 claudit,
834 2649 956 2732 snpra
990 2639 1153 2731 portam
1187 2615 1405 2729 exsculpta
1432 2619 1563 2729 Stryx
1589 2613 1706 2714 alba,
1747 2632 1946 2726 tanquam

252 2764 417 2878 insigne
446 2761 687 2851 Chattorum
717 2768 792 2880 qui
819 2800 842 2851 a
869 2766 1070 2883 progenie
1097 2764 1361 2879 Tschingissi
1388 2794 1519 2878 genus
1549 2768 1723 2850 ducunt.

390 2919 566 3002 Descr.
622 2920 691 3003 Ob
719 2919 957 3032 plumarum
985 2908 1186 3003 volumen
1211 2917 1314 3002 licet
1341 2923 1515 3003 Bubone
1543 2948 1691 3034 parum
1718 2912 1862 3001 minor
1887 2912 1943 2999 vi·

253 3070 423 3168 dentur,
452 3070 586 3153 multo
614 3092 756 3155 tamen
784 3070 920 3154 levior
948 3092 1034 3170 est3
1064 3068 1195 3154 habui
1223 3067 1550 3183 quadrilibribus
1578 3066 1788 3166 minores,
1816 3063 1942 3151 maxi·

252 3250 346 3304 mae
375 3219 504 3303 libras
532 3222 663 3306 ferme
691 3252 767 3306 sex
797 3243 1037 3336 aequarunt.
1108 3223 1150 3303 V
1147 3229 1297 3305 aristas
1324 3220 1507 3335 duplex,
1549 3248 1656 3332 quae
1684 3247 1775 3303 non
1803 3220 1857 3302 ab
1871 3232 1940 3303 'ae

252 3394 339 3455 tate
368 3374 443 3455 sed
472 3404 496 3455 a
525 3372 696 3457 climate
724 3356 911 3490 pendere
941 3372 1120 3457 videtur.
1192 3376 1373 3457 Minores
1409 3372 1657 3486 plerumque
1697 3390 1818 3454 totae
1859 3370 1940 3453 fere

250 3521 422 3619 niveae,
467 3522 541 3607 vix
578 3523 739 3634 aliquot
773 3523 945 3639 punctis
978 3523 1108 3637 nigris
1144 3526 1384 3640 adspersae,
1424 3521 1469 3606 in
1497 3519 1634 3636 plagis
1662 3518 1861 3625 arcticis,
1899 3540 1939 3605 ut

253 3694 443 3775 autumo,
475 3694 677 3758 aestatem
704 3699 851 3788 agunt,
881 3676 944 3761 ibi
973 3698 1122 3774 natae,
1144 3676 1208 3759 ibi
1235 3676 1349 3792 proli
1375 3704 1546 3791 operam
1573 3670 1804 3785 quotannis
1830 3675 1937 3757 datu·

251 3851 341 3927 rae,
372 3824 484 3906 unde
510 3823 686 3909 immani
706 3830 854 3912 bruma
875 3850 920 3911 et
940 3831 1112 3913 defectu
1129 3827 1276 3943 pabuli
1298 3856 1438 3911 versus
1453 3821 1698 3910 australiora
1709 3824 1933 3936 pellunmr.

400 3977 581 4092 Majorcs
626 3980 873 4092 plerumque
925 3980 1100 4064 maculis
1151 3980 1307 4064 crebris
1358 3976 1603 4063 transversis
1641 3973 1805 4089 nigris,
1855 3973 1936 4059 imo

250 4155 378 4240 saepe
403 4148 517 4211 totae
546 4126 814 4214 transversim
853 4130 976 4245 nigro
993 4181 1007 4195 -
1024 4131 1239 4233 fasciatae,
1277 4131 1324 4215 in
1359 4125 1733 4246 temperatioribus
1761 4125 1933 4213 Sibirias

252 4274 451 4361 videntur
478 4277 617 4375 nasci,
651 4301 827 4393 totoque
853 4281 917 4367 ibi
945 4311 1055 4365 anno
1084 4285 1236 4395 degere
1272 4305 1315 4365 et
1341 4280 1518 4394 largiori
1543 4279 1685 4365 diaeta
1711 4277 1930 4363 luxuriare·

359 4432 553 4515 Rostrum
579 4428 767 4543 nigrum,
808 4431 982 4516 maxilla
1009 4431 1211 4517 inferiore
1236 4432 1436 4546 utrinque
1462 4433 1516 4516 ad
1556 4430 1725 4547 apicem
1763 4429 1928 4515 sinuata·

250 4580 374 4664 Oculi
402 4579 601 4677 maximi3
631 4583 851 4696 palpebrae
877 4582 1051 4666 interius
1078 4582 1225 4667 instita
1253 4584 1338 4668 lata
1367 4605 1455 4668 atra
1482 4579 1757 4695 marginatae.
1811 4578 1926 4667 luda

250 4729 453 4829 citrinae,
491 4731 655 4847 pupilla
698 4730 969 4847 amplissima.
1037 4734 1428 4848 Periopbtbalmium
1455 4734 1675 4837 albidum,
1712 4731 1922 4845 oblique·

249 4878 462 4994 superiore
487 4883 691 4997 palpebra
717 4885 992 4973 descendens.
1061 4886 1231 4972 Plumae
1258 4888 1304 4973 in
1331 4909 1423 4975 tota
1449 4921 1528 4976 are
1554 4916 1663 4985 non,
1705 4908 1757 4975 ut
1780 4884 1828 4971 in
1848 4877 1918 4995 pl*
