4410 5910
1018 438 1188 561 ,α
1311 396 1313 400 ’
1884 420 1941 528 o

370 695 404 739 u.
432 651 673 766 Aegyptiae
719 646 1012 764 (Egipekrkqta
1058 641 1152 746 ,vel
1181 644 1408 762 Tumlttjo
1448 645 1525 755 S.)
1574 644 1649 760 qui
1697 585 1946 765 plerumque

424 805 585 925 luscus!
623 826 717 884 raro
752 798 860 884 cutis
887 795 1096 884 humanae
1125 794 1281 882 aemuli
1317 793 1491 902 coloris,
1536 797 1636 912 pilis
1664 823 1830 914 praeter
1857 786 1963 915 ruy-x

424 976 582 1039 atacem
622 974 668 1038 et
706 953 861 1036 setulas
895 924 949 1036 ad
977 951 1154 1034 candem
1172 950 1309 1064 ¹plane
1333 947 1484 1052 mallis,
1527 949 1695 1066 frigoris
1722 952 1948 1069 impatien-

317 1148 328 1159 ·
395 1103 628 1233 jussimus,
647 1107 874 1223 *formalad
888 1108 956 1214 ιυ.)
984 1103 1211 1206 aocedens,
1248 1128 1304 1187 ex
1329 1132 1415 1216 quo
1443 1104 1551 1189 forte
1580 1125 1716 1209 ortua,
1756 1106 1948 1221 frequen·

423 1284 490 1345 ter
527 1258 712 1344 nascitur
752 1258 997 1373 eeaudatue,
1036 1254 1110 1340 vel
1152 1251 1226 1339 vix
1264 1282 1437 1341 verruca
1464 1253 1512 1339 in
1540 1257 1638 1343 loco
1665 1260 1823 1343 caudae
1852 1287 1950 1343 con·

422 1410 594 1526 spicua,
646 1411 761 1529 quod
808 1407 855 1493 in
905 1405 1177 1492 varietatibus
1228 1403 1323 1490 aliis
1364 1404 1495 1491 rarius
1537 1407 1722 1513 accidit,
1765 1415 1810 1495 et
1848 1433 1949 1495 tunc

420 1563 670 1679 plerumque
709 1550 1012 1668 haereditario!
1037 1555 1168 1660 vitio,
1211 1558 1313 1642 dum
1354 1554 1545 1670 genitore
1587 1560 1657 1646 vel
1698 1584 1831 1645 matre
1859 1565 1951 1648 bre

421 1712 514 1799 vius
563 1738 652 1800 arte
707 1715 954 1798 detrimenta
1017 1710 1174 1812 cauda,
1245 1709 1407 1794 foetum
1465 1712 1668 1797 alterutri'
1699 1712 1951 1831 similiorem

419 1867 620 1981 genitum
651 1867 785 1953 cauda
825 1862 993 1979 privat;
1047 1863 1162 1975 quod
1203 1858 1315 1949 mihi
1354 1860 1402 1947 in
1443 1863 1739 1976 generationis·
1766 1864 1949 1970 theoria,

423 2027 490 2130 (ut
527 2017 725 2135 exempla
767 2045 934 2131 quoque
954 2112 957 2117 ,
975 2043 1049 2098 sex
1090 2011 1322 2127 digitorum
1361 2012 1707 2121 individuorum,
1766 2036 1809 2102 'et
1850 2048 1949 2133 pen-

418 2172 726 2285 tadactylarum
805 2167 1102 2284 gallinarum),
1179 2196 1265 2253 non
1334 2167 1561 2285 spernendi
1629 2169 1797 2257 videtur
1861 2201 1950 2257 esse

421 2346 642 2410 momenta.

717 2743 958 2852 Genus
1000 2745 1092 2848 Ill.
1174 2743 1223 2847 U
1274 2744 1320 2848 R
1367 2743 1400 2852 S
1447 2745 1486 2852 l.

931 3055 1246 3080 ..ι-ι*-

394 3248 492 3334 Ursi
529 3243 779 3360 braehyuri,
805 3272 1001 3361 ‘quorum
1040 3270 1126 3333 trea
1166 3247 1393 3336 distinctae
1422 3244 1584 3363 species
1612 3275 1724 3331 nunc
1752 3245 1948 3358 cognitae

252 3421 368 3502 sunt,
425 3431 449 3482 a
491 3397 796 3485 recentioribus
837 3375 1034 3514 Zoologis
1075 3430 1172 3486 cum
1213 3405 1341 3503 Mete,
1393 3402 1548 3486 Gulorte
1585 3421 1629 3481 et
1668 3396 1859 3482 affinibus
1900 3396 1948 3479 in

250 3583 382 3637 unum
411 3556 551 3637 Genus
579 3550 719 3636 coacti
747 3574 873 3663 sunt..
926 3558 999 3637 Me
1029 3583 1129 3638 vero
1157 3551 1299 3666 judice
1338 3550 1419 3636 soli
1446 3579 1524 3668 per
1551 3580 1595 3635 se
1624 3555 1771 3673 Genus·
1794 3546 1947 3634 consti·

249 3670 371 3788 tuant
399 3733 567 3788 necesse
597 3726 680 3806 est,
720 3700 871 3791 habitu
896 3702 1288 3806 distinctissimum,
1327 3705 1397 3790 vel
1425 3724 1548 3789 erunt
1574 3702 1684 3788 nulli
1710 3700 1823 3829 iuter
1852 3732 1948 3787 con·

249 3862 438 3968 junctum
478 3853 589 3938 illud
619 3859 759 3938 Genus
802 3878 846 3940 et
873 3838 1093 3971 plerasque
1145 3879 1360 3944 auctorum
1390 3858 1582 3940 Viventis
1623 3853 1730 3940 certi
1771 3853 1944 3938 limites.
2006 3859 2016 3879 ⁴

210 4074 213 4084 .
250 4006 387 4093 Malui
427 4005 488 4091 sic
529 4006 638 4090 solas
678 4000 901 4090 instituere
936 4030 981 4091 et
1017 4036 1115 4092 cum
1142 4011 1253 4094 Mela
1291 3982 1511 4128 segregare
1537 4005 1671 4121 magis
1701 4008 1843 4090 affines
1872 4004 1945 4089 vi-

248 4158 382 4245 verris
410 4156 585 4274 species.
640 4162 738 4241 Nec
764 4178 907 4241 tamen
935 4137 1198 4271 negaverim,
1240 4181 1385 4274 patere
1413 4188 1617 4243 summam
1627 4194 1642 4261 ,·
1681 4186 1759 4272 per
1773 4157 1944 4272 ‘specie-

249 4342 339 4397 mm
370 4308 695 4394 assimilantium
723 4308 896 4411 seriem,
927 4313 1093 4412 morea,'
1126 4310 1295 4396 victum
1317 4333 1362 4396 et
1389 4333 1613 4395 externum
1640 4306 1856 4411 habitum,
1888 4313 1943 4392 af-

248 4462 454 4575 finitatem
493 4461 607 4545 inter
650 4461 797 4560 Ursus,
838 4463 988 4560 Meles,
1030 4465 1072 4547 V
1068 4470 1221 4548 ivenus
1228 4499 1243 4558 ,·
1274 4466 1514 4578 eademque
1557 4464 1609 4545 ab
1651 4459 1719 4545 his
1762 4463 1816 4542 ad
1852 4463 1942 4545 Mu·

251 4622 373 4699 stelae
410 4635 456 4698 et
495 4609 625 4716 hinc,
668 4642 745 4728 per
782 4617 934 4703 Latrat
948 4589 977 4713 ,.
1003 4617 1062 4701 ad
1096 4616 1329 4703 Phocarum
1366 4641 1498 4730 genua
1539 4609 1859 4726 approximatio
1894 4611 1940 4694 in

252 4786 444 4878 promptu
470 4766 552 4850 eetj

929 4945 1248 4968 'm
