<?xml version="1.0" encoding="UTF-8"?>
<!DOCTYPE html PUBLIC "-//W3C//DTD XHTML 1.0 Transitional//EN"
    "http://www.w3.org/TR/xhtml1/DTD/xhtml1-transitional.dtd">
<html xmlns="http://www.w3.org/1999/xhtml" xml:lang="en" lang="en">
 <head>
  <title>
</title>
<meta http-equiv="Content-Type" content="text/html;charset=utf-8" />
  <meta name='ocr-system' content='tesseract 3.04.00' />
  <meta name='ocr-capabilities' content='ocr_page ocr_carea ocr_par ocr_line ocrx_word'/>
</head>
<body>
  <div class='ocr_page' id='page_1' title='image "./zoographiarosso01pallgoog_0046.png"; bbox 0 0 4410 5910; ppageno 0'>
   <div class='ocr_carea' id='block_1_1' title="bbox 253 374 1166 564">
    <p class='ocr_par' dir='ltr' id='par_1_1' title="bbox 253 374 1166 564">
     <span class='ocr_line' id='line_1_1' title="bbox 253 374 1166 564; baseline 0 -23"><span class='ocrx_word' id='word_1_1' title='bbox 253 374 385 564; x_wconf 25' lang='lat' dir='ltr'>ro·</span> <span class='ocrx_word' id='word_1_2' title='bbox 1017 428 1166 521; x_wconf 65' lang='grc' dir='ltr'>ΕΞ)</span> 
     </span>
    </p>
   </div>
   <div class='ocr_carea' id='block_1_2' title="bbox 248 663 1946 2439">
    <p class='ocr_par' dir='ltr' id='par_1_2' title="bbox 248 663 1946 2439">
     <span class='ocr_line' id='line_1_2' title="bbox 391 663 1940 797; baseline -0.003 -31"><span class='ocrx_word' id='word_1_3' title='bbox 391 676 582 797; x_wconf 60' lang='lat' dir='ltr'>Apparet</span> <span class='ocrx_word' id='word_1_4' title='bbox 607 666 822 759; x_wconf 89' lang='lat' dir='ltr'>interdum</span> <span class='ocrx_word' id='word_1_5' title='bbox 847 663 973 755; x_wconf 72' lang='lat' dir='ltr'>circa&#39;</span> <span class='ocrx_word' id='word_1_6' title='bbox 986 666 1112 753; x_wconf 87' lang='lat' dir='ltr'>Dalai</span> <span class='ocrx_word' id='word_1_7' title='bbox 1126 717 1140 732; x_wconf 94' lang='lat'><strong>·</strong></span> <span class='ocrx_word' id='word_1_8' title='bbox 1153 693 1259 755; x_wconf 92' lang='lat' dir='ltr'>noor</span> <span class='ocrx_word' id='word_1_9' title='bbox 1285 686 1330 752; x_wconf 88' lang='lat' dir='ltr'>et</span> <span class='ocrx_word' id='word_1_10' title='bbox 1354 669 1595 783; x_wconf 70' lang='lat' dir='ltr'>Argamum,</span> <span class='ocrx_word' id='word_1_11' title='bbox 1636 671 1711 759; x_wconf 87' lang='lat' dir='ltr'>sed</span> <span class='ocrx_word' id='word_1_12' title='bbox 1741 672 1864 760; x_wconf 86' lang='lat' dir='ltr'>datur</span> <span class='ocrx_word' id='word_1_13' title='bbox 1888 667 1940 761; x_wconf 80' lang='lat' dir='ltr'>in&#39;</span> 
     </span>
     <span class='ocr_line' id='line_1_3' title="bbox 253 817 1941 935; baseline -0.006 -14"><span class='ocrx_word' id='word_1_14' title='bbox 253 830 371 922; x_wconf 92' lang='lat' dir='ltr'>omni</span> <span class='ocrx_word' id='word_1_15' title='bbox 397 831 565 916; x_wconf 83' lang='lat' dir='ltr'>deserto</span> <span class='ocrx_word' id='word_1_16' title='bbox 591 823 704 909; x_wconf 90' lang='lat' dir='ltr'>inter</span> <span class='ocrx_word' id='word_1_17' title='bbox 730 819 929 908; x_wconf 88' lang='lat' dir='ltr'>Sibiriam</span> <span class='ocrx_word' id='word_1_18' title='bbox 955 843 1000 905; x_wconf 88' lang='lat' dir='ltr'>et</span> <span class='ocrx_word' id='word_1_19' title='bbox 1027 817 1212 906; x_wconf 86' lang='lat' dir='ltr'>Chinam</span> <span class='ocrx_word' id='word_1_20' title='bbox 1238 843 1363 935; x_wconf 87' lang='lat' dir='ltr'>etque</span> <span class='ocrx_word' id='word_1_21' title='bbox 1391 819 1569 926; x_wconf 81' lang='lat' dir='ltr'>Indiam,</span> <span class='ocrx_word' id='word_1_22' title='bbox 1608 843 1655 906; x_wconf 92' lang='lat' dir='ltr'>ut</span> <span class='ocrx_word' id='word_1_23' title='bbox 1682 846 1727 910; x_wconf 91' lang='lat' dir='ltr'>et</span> <span class='ocrx_word' id='word_1_24' title='bbox 1751 823 1798 909; x_wconf 93' lang='lat' dir='ltr'>in</span> <span class='ocrx_word' id='word_1_25' title='bbox 1821 852 1941 911; x_wconf 87' lang='lat' dir='ltr'>mon·</span> 
     </span>
     <span class='ocr_line' id='line_1_4' title="bbox 249 971 1941 1092; baseline -0.005 -21"><span class='ocrx_word' id='word_1_26' title='bbox 249 984 362 1071; x_wconf 84' lang='lat' dir='ltr'>tibus</span> <span class='ocrx_word' id='word_1_27' title='bbox 389 979 553 1068; x_wconf 84' lang='lat' dir='ltr'>altaicis</span> <span class='ocrx_word' id='word_1_28' title='bbox 589 998 710 1061; x_wconf 88' lang='lat' dir='ltr'>extra</span> <span class='ocrx_word' id='word_1_29' title='bbox 747 972 922 1092; x_wconf 76' lang='lat' dir='ltr'>lmPerii</span> <span class='ocrx_word' id='word_1_30' title='bbox 955 974 1059 1058; x_wconf 89' lang='lat' dir='ltr'>fines</span> <span class='ocrx_word' id='word_1_31' title='bbox 1096 971 1208 1078; x_wconf 87' lang='lat' dir='ltr'>sitis,</span> <span class='ocrx_word' id='word_1_32' title='bbox 1249 972 1444 1087; x_wconf 87' lang='lat' dir='ltr'>circaque</span> <span class='ocrx_word' id='word_1_33' title='bbox 1480 974 1747 1061; x_wconf 86' lang='lat' dir='ltr'>Araiienaem</span> <span class='ocrx_word' id='word_1_34' title='bbox 1781 976 1941 1064; x_wconf 79' lang='lat' dir='ltr'>lacum.</span> 
     </span>
     <span class='ocr_line' id='line_1_5' title="bbox 250 1122 1940 1250; baseline -0.005 -29"><span class='ocrx_word' id='word_1_35' title='bbox 250 1131 465 1250; x_wconf 85' lang='lat' dir='ltr'>Tybetani</span> <span class='ocrx_word' id='word_1_36' title='bbox 491 1133 622 1215; x_wconf 89' lang='lat' dir='ltr'>odore</span> <span class='ocrx_word' id='word_1_37' title='bbox 651 1126 744 1212; x_wconf 86' lang='lat' dir='ltr'>allii</span> <span class='ocrx_word' id='word_1_38' title='bbox 764 1125 954 1230; x_wconf 80' lang='lat' dir='ltr'>contriti,</span> <span class='ocrx_word' id='word_1_39' title='bbox 982 1123 1095 1212; x_wconf 88' lang='lat' dir='ltr'>circa</span> <span class='ocrx_word' id='word_1_40' title='bbox 1116 1122 1337 1212; x_wconf 90' lang='lat' dir='ltr'>domicilia</span> <span class='ocrx_word' id='word_1_41' title='bbox 1356 1125 1402 1210; x_wconf 92' lang='lat' dir='ltr'>in</span> <span class='ocrx_word' id='word_1_42' title='bbox 1424 1125 1601 1211; x_wconf 90' lang='lat' dir='ltr'>sacculis</span> <span class='ocrx_word' id='word_1_43' title='bbox 1623 1127 1824 1243; x_wconf 80' lang='lat' dir='ltr'>suspensi,</span> <span class='ocrx_word' id='word_1_44' title='bbox 1839 1157 1940 1216; x_wconf 87' lang='lat' dir='ltr'>con·</span> 
     </span>
     <span class='ocr_line' id='line_1_6' title="bbox 250 1277 1946 1396; baseline -0.004 -26"><span class='ocrx_word' id='word_1_45' title='bbox 250 1309 316 1370; x_wconf 86' lang='lat' dir='ltr'>tra</span> <span class='ocrx_word' id='word_1_46' title='bbox 341 1281 553 1396; x_wconf 81' lang='lat' dir='ltr'>Tygrides</span> <span class='ocrx_word' id='word_1_47' title='bbox 580 1282 670 1365; x_wconf 86' lang='lat' dir='ltr'>sese</span> <span class='ocrx_word' id='word_1_48' title='bbox 708 1280 937 1363; x_wconf 84' lang='lat' dir='ltr'>defendere</span> <span class='ocrx_word' id='word_1_49' title='bbox 976 1277 1186 1362; x_wconf 87' lang='lat' dir='ltr'>dicuntur.</span> <span class='ocrx_word' id='word_1_50' title='bbox 1251 1277 1487 1362; x_wconf 89' lang='lat' dir='ltr'>Exauditur</span> <span class='ocrx_word' id='word_1_51' title='bbox 1520 1278 1645 1391; x_wconf 81' lang='lat' dir='ltr'>longe</span> <span class='ocrx_word' id='word_1_52' title='bbox 1675 1277 1829 1394; x_wconf 83' lang='lat' dir='ltr'>Tygris</span> <span class='ocrx_word' id='word_1_53' title='bbox 1868 1307 1946 1365; x_wconf 85' lang='lat' dir='ltr'>no·</span> 
     </span>
     <span class='ocr_line' id='line_1_7' title="bbox 253 1427 1942 1545; baseline -0.002 -25"><span class='ocrx_word' id='word_1_54' title='bbox 253 1455 403 1521; x_wconf 89' lang='lat' dir='ltr'>ctumo</span> <span class='ocrx_word' id='word_1_55' title='bbox 430 1433 614 1517; x_wconf 88' lang='lat' dir='ltr'>clamore</span> <span class='ocrx_word' id='word_1_56' title='bbox 643 1431 816 1544; x_wconf 78' lang='lat' dir='ltr'>(Harsbi</span> <span class='ocrx_word' id='word_1_57' title='bbox 843 1430 1039 1538; x_wconf 82' lang='lat' dir='ltr'>Haubi),</span> <span class='ocrx_word' id='word_1_58' title='bbox 1068 1450 1117 1512; x_wconf 92' lang='lat' dir='ltr'>ut</span> <span class='ocrx_word' id='word_1_59' title='bbox 1142 1458 1228 1512; x_wconf 89' lang='lat' dir='ltr'>non</span> <span class='ocrx_word' id='word_1_60' title='bbox 1248 1427 1375 1512; x_wconf 88' lang='lat' dir='ltr'>facile</span> <span class='ocrx_word' id='word_1_61' title='bbox 1396 1427 1696 1544; x_wconf 87' lang='lat' dir='ltr'>eximproviso</span> <span class='ocrx_word' id='word_1_62' title='bbox 1709 1429 1942 1545; x_wconf 84' lang='lat' dir='ltr'>opprimat.</span> 
     </span>
     <span class='ocr_line' id='line_1_8' title="bbox 250 1577 1943 1701; baseline -0.002 -30"><span class='ocrx_word' id='word_1_63' title='bbox 250 1593 375 1701; x_wconf 81' lang='lat' dir='ltr'>Ignes</span> <span class='ocrx_word' id='word_1_64' title='bbox 402 1582 533 1669; x_wconf 87' lang='lat' dir='ltr'>etiam</span> <span class='ocrx_word' id='word_1_65' title='bbox 557 1583 696 1683; x_wconf 87' lang='lat' dir='ltr'>timet,</span> <span class='ocrx_word' id='word_1_66' title='bbox 726 1605 771 1666; x_wconf 90' lang='lat' dir='ltr'>et</span> <span class='ocrx_word' id='word_1_67' title='bbox 797 1582 1001 1667; x_wconf 89' lang='lat' dir='ltr'>clamores</span> <span class='ocrx_word' id='word_1_68' title='bbox 1028 1577 1262 1665; x_wconf 88' lang='lat' dir='ltr'>hominum.</span> <span class='ocrx_word' id='word_1_69' title='bbox 1319 1585 1387 1664; x_wconf 81' lang='lat' dir='ltr'>Ex</span> <span class='ocrx_word' id='word_1_70' title='bbox 1413 1579 1581 1666; x_wconf 83' lang='lat' dir='ltr'>insidiis</span> <span class='ocrx_word' id='word_1_71' title='bbox 1617 1581 1806 1667; x_wconf 89' lang='lat' dir='ltr'>maxime</span> <span class='ocrx_word' id='word_1_72' title='bbox 1832 1583 1943 1668; x_wconf 86' lang='lat' dir='ltr'>ado-</span> 
     </span>
     <span class='ocr_line' id='line_1_9' title="bbox 255 1730 1945 1851; baseline -0.002 -28"><span class='ocrx_word' id='word_1_73' title='bbox 255 1736 361 1823; x_wconf 80' lang='lat' dir='ltr'>ritus</span> <span class='ocrx_word' id='word_1_74' title='bbox 395 1735 515 1839; x_wconf 87' lang='lat' dir='ltr'>saltu,</span> <span class='ocrx_word' id='word_1_75' title='bbox 550 1732 800 1851; x_wconf 86' lang='lat' dir='ltr'>praesertim</span> <span class='ocrx_word' id='word_1_76' title='bbox 833 1732 945 1817; x_wconf 89' lang='lat' dir='ltr'>inter</span> <span class='ocrx_word' id='word_1_77' title='bbox 979 1730 1202 1817; x_wconf 90' lang='lat' dir='ltr'>arundines</span> <span class='ocrx_word' id='word_1_78' title='bbox 1235 1753 1280 1816; x_wconf 90' lang='lat' dir='ltr'>et</span> <span class='ocrx_word' id='word_1_79' title='bbox 1314 1753 1480 1817; x_wconf 88' lang='lat' dir='ltr'>carecta</span> <span class='ocrx_word' id='word_1_80' title='bbox 1514 1734 1663 1818; x_wconf 87' lang='lat' dir='ltr'>latens.</span> <span class='ocrx_word' id='word_1_81' title='bbox 1706 1731 1864 1848; x_wconf 63' lang='lat' dir='ltr'>Equis</span> <span class='ocrx_word' id='word_1_82' title='bbox 1896 1755 1945 1820; x_wconf 85' lang='lat' dir='ltr'>et</span> 
     </span>
     <span class='ocr_line' id='line_1_10' title="bbox 256 1883 1944 2002; baseline -0.004 -26"><span class='ocrx_word' id='word_1_83' title='bbox 256 1887 436 2002; x_wconf 78' lang='lat' dir='ltr'>Onagris</span> <span class='ocrx_word' id='word_1_84' title='bbox 464 1887 526 1974; x_wconf 86' lang='lat' dir='ltr'>sic</span> <span class='ocrx_word' id='word_1_85' title='bbox 554 1886 740 1973; x_wconf 80' lang='lat' dir='ltr'>maxime</span> <span class='ocrx_word' id='word_1_86' title='bbox 767 1883 956 1986; x_wconf 86' lang='lat' dir='ltr'>infestus,</span> <span class='ocrx_word' id='word_1_87' title='bbox 986 1914 1088 1998; x_wconf 86' lang='lat' dir='ltr'>quas</span> <span class='ocrx_word' id='word_1_88' title='bbox 1115 1913 1237 1969; x_wconf 89' lang='lat' dir='ltr'>cursu</span> <span class='ocrx_word' id='word_1_89' title='bbox 1269 1884 1420 1998; x_wconf 91' lang='lat' dir='ltr'>nequit</span> <span class='ocrx_word' id='word_1_90' title='bbox 1454 1883 1687 1997; x_wconf 83' lang='lat' dir='ltr'>adtingere.</span> <span class='ocrx_word' id='word_1_91' title='bbox 1758 1885 1843 1969; x_wconf 87' lang='lat' dir='ltr'>Sed</span> <span class='ocrx_word' id='word_1_92' title='bbox 1878 1883 1944 1970; x_wconf 89' lang='lat' dir='ltr'>di·</span> 
     </span>
     <span class='ocr_line' id='line_1_11' title="bbox 252 2033 1944 2150; baseline -0.002 -25"><span class='ocrx_word' id='word_1_93' title='bbox 252 2062 403 2125; x_wconf 81' lang='lat' dir='ltr'>crmtur</span> <span class='ocrx_word' id='word_1_94' title='bbox 429 2039 537 2126; x_wconf 88' lang='lat' dir='ltr'>baec</span> <span class='ocrx_word' id='word_1_95' title='bbox 565 2038 765 2123; x_wconf 89' lang='lat' dir='ltr'>animalia</span> <span class='ocrx_word' id='word_1_96' title='bbox 794 2036 848 2121; x_wconf 89' lang='lat' dir='ltr'>ad</span> <span class='ocrx_word' id='word_1_97' title='bbox 876 2042 1094 2150; x_wconf 87' lang='lat' dir='ltr'>aspectum</span> <span class='ocrx_word' id='word_1_98' title='bbox 1116 2033 1318 2150; x_wconf 84' lang='lat' dir='ltr'>Tygridis</span> <span class='ocrx_word' id='word_1_99' title='bbox 1346 2033 1408 2120; x_wconf 90' lang='lat' dir='ltr'>ita</span> <span class='ocrx_word' id='word_1_100' title='bbox 1434 2037 1684 2140; x_wconf 88' lang='lat' dir='ltr'>conterreri,</span> <span class='ocrx_word' id='word_1_101' title='bbox 1725 2057 1772 2121; x_wconf 91' lang='lat' dir='ltr'>ut</span> <span class='ocrx_word' id='word_1_102' title='bbox 1798 2036 1944 2149; x_wconf 86' lang='lat' dir='ltr'>fugere</span> 
     </span>
     <span class='ocr_line' id='line_1_12' title="bbox 252 2185 1944 2305; baseline -0.001 -29"><span class='ocrx_word' id='word_1_103' title='bbox 252 2188 458 2276; x_wconf 79' lang='lat' dir='ltr'>nesciant.</span> <span class='ocrx_word' id='word_1_104' title='bbox 515 2188 643 2277; x_wconf 89' lang='lat' dir='ltr'>Pellia</span> <span class='ocrx_word' id='word_1_105' title='bbox 672 2190 784 2305; x_wconf 89' lang='lat' dir='ltr'>apud</span> <span class='ocrx_word' id='word_1_106' title='bbox 810 2186 998 2301; x_wconf 83' lang='lat' dir='ltr'>Kirgiaos</span> <span class='ocrx_word' id='word_1_107' title='bbox 1025 2217 1136 2301; x_wconf 88' lang='lat' dir='ltr'>equo</span> <span class='ocrx_word' id='word_1_108' title='bbox 1164 2185 1401 2291; x_wconf 86' lang='lat' dir='ltr'>estimatur,</span> <span class='ocrx_word' id='word_1_109' title='bbox 1441 2209 1486 2271; x_wconf 91' lang='lat' dir='ltr'>et</span> <span class='ocrx_word' id='word_1_110' title='bbox 1511 2187 1688 2274; x_wconf 87' lang='lat' dir='ltr'>inservit</span> <span class='ocrx_word' id='word_1_111' title='bbox 1712 2186 1944 2304; x_wconf 81' lang='lat' dir='ltr'>praecipue</span> 
     </span>
     <span class='ocr_line' id='line_1_13' title="bbox 248 2337 1332 2439; baseline -0.004 -11"><span class='ocrx_word' id='word_1_112' title='bbox 248 2343 310 2439; x_wconf 63' lang='lat' dir='ltr'>‚ad</span> <span class='ocrx_word' id='word_1_113' title='bbox 335 2341 620 2429; x_wconf 80' lang='lat' dir='ltr'>obvolvendas</span> <span class='ocrx_word' id='word_1_114' title='bbox 648 2337 800 2428; x_wconf 87' lang='lat' dir='ltr'>loricas</span> <span class='ocrx_word' id='word_1_115' title='bbox 826 2369 881 2427; x_wconf 83' lang='lat' dir='ltr'>ex</span> <span class='ocrx_word' id='word_1_116' title='bbox 909 2337 1073 2425; x_wconf 87' lang='lat' dir='ltr'>annulis</span> <span class='ocrx_word' id='word_1_117' title='bbox 1099 2360 1332 2427; x_wconf 82' lang='lat' dir='ltr'>contextas.</span> 
     </span>
    </p>
   </div>
   <div class='ocr_carea' id='block_1_3' title="bbox 258 2555 1952 4496">
    <p class='ocr_par' dir='ltr' id='par_1_3' title="bbox 258 2555 1952 4496">
     <span class='ocr_line' id='line_1_14' title="bbox 392 2555 1945 2678; baseline -0.001 -30"><span class='ocrx_word' id='word_1_118' title='bbox 392 2564 506 2652; x_wconf 85' lang='lat' dir='ltr'>Not.</span> <span class='ocrx_word' id='word_1_119' title='bbox 562 2567 687 2652; x_wconf 74' lang='lat' dir='ltr'>Pollis</span> <span class='ocrx_word' id='word_1_120' title='bbox 715 2561 895 2678; x_wconf 89' lang='lat' dir='ltr'>quaein</span> <span class='ocrx_word' id='word_1_121' title='bbox 912 2563 1065 2647; x_wconf 88' lang='lat' dir='ltr'>Museo</span> <span class='ocrx_word' id='word_1_122' title='bbox 1092 2555 1352 2647; x_wconf 90' lang='lat' dir='ltr'>Academico</span> <span class='ocrx_word' id='word_1_123' title='bbox 1380 2576 1578 2666; x_wconf 81' lang='lat' dir='ltr'>servatur,</span> <span class='ocrx_word' id='word_1_124' title='bbox 1610 2590 1800 2677; x_wconf 89' lang='lat' dir='ltr'>quaeque</span> <span class='ocrx_word' id='word_1_125' title='bbox 1830 2561 1945 2677; x_wconf 91' lang='lat' dir='ltr'>apud</span> 
     </span>
     <span class='ocr_line' id='line_1_15' title="bbox 258 2711 1947 2833; baseline -0.002 -33"><span class='ocrx_word' id='word_1_126' title='bbox 258 2713 468 2800; x_wconf 87' lang='lat' dir='ltr'>Pelliones</span> <span class='ocrx_word' id='word_1_127' title='bbox 494 2738 695 2833; x_wconf 86' lang='lat' dir='ltr'>prostant,</span> <span class='ocrx_word' id='word_1_128' title='bbox 724 2712 982 2800; x_wconf 89' lang='lat' dir='ltr'>Bocharicae</span> <span class='ocrx_word' id='word_1_129' title='bbox 1009 2711 1196 2799; x_wconf 85' lang='lat' dir='ltr'>maxime</span> <span class='ocrx_word' id='word_1_130' title='bbox 1224 2735 1320 2798; x_wconf 89' lang='lat' dir='ltr'>sunt</span> <span class='ocrx_word' id='word_1_131' title='bbox 1346 2713 1522 2830; x_wconf 86' lang='lat' dir='ltr'>originis</span> <span class='ocrx_word' id='word_1_132' title='bbox 1558 2737 1601 2797; x_wconf 87' lang='lat' dir='ltr'>et</span> <span class='ocrx_word' id='word_1_133' title='bbox 1628 2735 1783 2797; x_wconf 86' lang='lat' dir='ltr'>statura</span> <span class='ocrx_word' id='word_1_134' title='bbox 1818 2741 1947 2828; x_wconf 80' lang='lat' dir='ltr'>saepe</span> 
     </span>
     <span class='ocr_line' id='line_1_16' title="bbox 258 2861 1948 2981; baseline -0.001 -32"><span class='ocrx_word' id='word_1_135' title='bbox 258 2876 457 2981; x_wconf 75' lang='lat' dir='ltr'>superant</span> <span class='ocrx_word' id='word_1_136' title='bbox 484 2871 685 2951; x_wconf 84' lang='lat' dir='ltr'>Le0nem.</span> <span class='ocrx_word' id='word_1_137' title='bbox 740 2864 901 2952; x_wconf 84' lang='lat' dir='ltr'>Vivum</span> <span class='ocrx_word' id='word_1_138' title='bbox 927 2864 1096 2969; x_wconf 80' lang='lat' dir='ltr'>animal,</span> <span class='ocrx_word' id='word_1_139' title='bbox 1127 2867 1242 2979; x_wconf 91' lang='lat' dir='ltr'>quod</span> <span class='ocrx_word' id='word_1_140' title='bbox 1269 2865 1315 2952; x_wconf 89' lang='lat' dir='ltr'>in</span> <span class='ocrx_word' id='word_1_141' title='bbox 1343 2865 1573 2951; x_wconf 89' lang='lat' dir='ltr'>Venatoria</span> <span class='ocrx_word' id='word_1_142' title='bbox 1608 2867 1736 2950; x_wconf 91' lang='lat' dir='ltr'>domo</span> <span class='ocrx_word' id='word_1_143' title='bbox 1772 2861 1948 2978; x_wconf 90' lang='lat' dir='ltr'>Imperi·</span> 
     </span>
     <span class='ocr_line' id='line_1_17' title="bbox 259 3012 1946 3134; baseline -0.002 -32"><span class='ocrx_word' id='word_1_144' title='bbox 259 3016 318 3101; x_wconf 73' lang='lat' dir='ltr'>nli</span> <span class='ocrx_word' id='word_1_145' title='bbox 346 3012 563 3131; x_wconf 89' lang='lat' dir='ltr'>Petropoli</span> <span class='ocrx_word' id='word_1_146' title='bbox 589 3019 831 3134; x_wconf 90' lang='lat' dir='ltr'>perplures</span> <span class='ocrx_word' id='word_1_147' title='bbox 867 3045 997 3103; x_wconf 91' lang='lat' dir='ltr'>annos</span> <span class='ocrx_word' id='word_1_148' title='bbox 1032 3039 1242 3102; x_wconf 85' lang='lat' dir='ltr'>servatum</span> <span class='ocrx_word' id='word_1_149' title='bbox 1276 3017 1378 3121; x_wconf 85' lang='lat' dir='ltr'>fuit,</span> <span class='ocrx_word' id='word_1_150' title='bbox 1425 3017 1648 3133; x_wconf 89' lang='lat' dir='ltr'>parvulum</span> <span class='ocrx_word' id='word_1_151' title='bbox 1681 3017 1946 3101; x_wconf 88' lang='lat' dir='ltr'>adduxerant</span> 
     </span>
     <span class='ocr_line' id='line_1_18' title="bbox 258 3164 1947 3284; baseline -0.001 -30"><span class='ocrx_word' id='word_1_152' title='bbox 258 3165 456 3269; x_wconf 72' lang='lat' dir='ltr'>eochari,</span> <span class='ocrx_word' id='word_1_153' title='bbox 486 3164 697 3254; x_wconf 82' lang='lat' dir='ltr'>necdum</span> <span class='ocrx_word' id='word_1_154' title='bbox 727 3169 782 3254; x_wconf 86' lang='lat' dir='ltr'>ad</span> <span class='ocrx_word' id='word_1_155' title='bbox 815 3170 1050 3284; x_wconf 82' lang='lat' dir='ltr'>perfectam</span> <span class='ocrx_word' id='word_1_156' title='bbox 1084 3165 1421 3280; x_wconf 82' lang='lat' dir='ltr'>magnitudinem</span> <span class='ocrx_word' id='word_1_157' title='bbox 1452 3172 1717 3270; x_wconf 80' lang='lat' dir='ltr'>excreverat,</span> <span class='ocrx_word' id='word_1_158' title='bbox 1755 3189 1803 3252; x_wconf 89' lang='lat' dir='ltr'>ut</span> <span class='ocrx_word' id='word_1_159' title='bbox 1838 3167 1947 3252; x_wconf 89' lang='lat' dir='ltr'>adeo</span> 
     </span>
     <span class='ocr_line' id='line_1_19' title="bbox 258 3315 1948 3432; baseline 0.001 -30"><span class='ocrx_word' id='word_1_160' title='bbox 258 3315 421 3404; x_wconf 82' lang='lat' dir='ltr'>lentum</span> <span class='ocrx_word' id='word_1_161' title='bbox 448 3315 570 3432; x_wconf 89' lang='lat' dir='ltr'>hujus</span> <span class='ocrx_word' id='word_1_162' title='bbox 603 3321 715 3404; x_wconf 88' lang='lat' dir='ltr'>ferae</span> <span class='ocrx_word' id='word_1_163' title='bbox 741 3318 1051 3406; x_wconf 89' lang='lat' dir='ltr'>incrementum</span> <span class='ocrx_word' id='word_1_164' title='bbox 1076 3347 1165 3404; x_wconf 87' lang='lat' dir='ltr'>esse</span> <span class='ocrx_word' id='word_1_165' title='bbox 1194 3318 1399 3404; x_wconf 83' lang='lat' dir='ltr'>videatur.</span> <span class='ocrx_word' id='word_1_166' title='bbox 1464 3326 1569 3405; x_wconf 87' lang='lat' dir='ltr'>Erat&#39;</span> <span class='ocrx_word' id='word_1_167' title='bbox 1583 3332 1736 3422; x_wconf 88' lang='lat' dir='ltr'>autem,</span> <span class='ocrx_word' id='word_1_168' title='bbox 1760 3316 1864 3404; x_wconf 90' lang='lat' dir='ltr'>licet</span> <span class='ocrx_word' id='word_1_169' title='bbox 1884 3316 1948 3403; x_wconf 89' lang='lat' dir='ltr'>in·</span> 
     </span>
     <span class='ocr_line' id='line_1_20' title="bbox 260 3468 1947 3593; baseline -0.001 -34"><span class='ocrx_word' id='word_1_170' title='bbox 260 3469 379 3560; x_wconf 85' lang='lat' dir='ltr'>doles</span> <span class='ocrx_word' id='word_1_171' title='bbox 405 3472 527 3561; x_wconf 84' lang='lat' dir='ltr'>ferox</span> <span class='ocrx_word' id='word_1_172' title='bbox 553 3468 747 3590; x_wconf 81' lang='lat' dir='ltr'>ingestu</span> <span class='ocrx_word' id='word_1_173' title='bbox 773 3493 1005 3593; x_wconf 82' lang='lat' dir='ltr'>appareret,</span> <span class='ocrx_word' id='word_1_174' title='bbox 1037 3469 1204 3560; x_wconf 90' lang='lat' dir='ltr'>custodi</span> <span class='ocrx_word' id='word_1_175' title='bbox 1232 3469 1431 3581; x_wconf 88' lang='lat' dir='ltr'>(natione</span> <span class='ocrx_word' id='word_1_176' title='bbox 1446 3474 1579 3581; x_wconf 90' lang='lat' dir='ltr'>Indo)</span> <span class='ocrx_word' id='word_1_177' title='bbox 1603 3472 1709 3555; x_wconf 89' lang='lat' dir='ltr'>adeo</span> <span class='ocrx_word' id='word_1_178' title='bbox 1727 3472 1947 3558; x_wconf 84' lang='lat' dir='ltr'>adsuetum</span> 
     </span>
     <span class='ocr_line' id='line_1_21' title="bbox 260 3619 1947 3736; baseline 0 -32"><span class='ocrx_word' id='word_1_179' title='bbox 260 3619 430 3725; x_wconf 79' lang='lat' dir='ltr'>animal,</span> <span class='ocrx_word' id='word_1_180' title='bbox 459 3645 506 3706; x_wconf 91' lang='lat' dir='ltr'>ut</span> <span class='ocrx_word' id='word_1_181' title='bbox 531 3619 608 3707; x_wconf 92' lang='lat' dir='ltr'>ille</span> <span class='ocrx_word' id='word_1_182' title='bbox 634 3621 682 3706; x_wconf 86' lang='lat' dir='ltr'>in</span> <span class='ocrx_word' id='word_1_183' title='bbox 709 3651 931 3724; x_wconf 88' lang='lat' dir='ltr'>cameram,</span> <span class='ocrx_word' id='word_1_184' title='bbox 961 3621 1036 3707; x_wconf 90' lang='lat' dir='ltr'>ubi</span> <span class='ocrx_word' id='word_1_185' title='bbox 1060 3621 1181 3706; x_wconf 91' lang='lat' dir='ltr'>tenui</span> <span class='ocrx_word' id='word_1_186' title='bbox 1217 3644 1365 3711; x_wconf 86' lang='lat' dir='ltr'>catena</span> <span class='ocrx_word' id='word_1_187' title='bbox 1399 3621 1619 3736; x_wconf 80' lang='lat' dir='ltr'>alligatum</span> <span class='ocrx_word' id='word_1_188' title='bbox 1654 3644 1762 3724; x_wconf 88' lang='lat' dir='ltr'>erat,</span> <span class='ocrx_word' id='word_1_189' title='bbox 1801 3641 1947 3734; x_wconf 87' lang='lat' dir='ltr'>aperts</span> 
     </span>
     <span class='ocr_line' id='line_1_22' title="bbox 259 3770 1948 3889; baseline 0 -35"><span class='ocrx_word' id='word_1_190' title='bbox 259 3791 382 3883; x_wconf 84' lang='lat' dir='ltr'>porta</span> <span class='ocrx_word' id='word_1_191' title='bbox 415 3770 612 3876; x_wconf 85' lang='lat' dir='ltr'>introire,</span> <span class='ocrx_word' id='word_1_192' title='bbox 649 3771 819 3872; x_wconf 87' lang='lat' dir='ltr'>animal,</span> <span class='ocrx_word' id='word_1_193' title='bbox 852 3771 1141 3885; x_wconf 86' lang='lat' dir='ltr'>praesentibus</span> <span class='ocrx_word' id='word_1_194' title='bbox 1175 3772 1499 3889; x_wconf 81' lang='lat' dir='ltr'>spectatoribus,</span> <span class='ocrx_word' id='word_1_195' title='bbox 1538 3804 1664 3860; x_wconf 90' lang='lat' dir='ltr'>manu</span> <span class='ocrx_word' id='word_1_196' title='bbox 1691 3771 1948 3873; x_wconf 84' lang='lat' dir='ltr'>demulcere,</span> 
     </span>
     <span class='ocr_line' id='line_1_23' title="bbox 259 3903 1949 4036; baseline 0.002 -33"><span class='ocrx_word' id='word_1_197' title='bbox 259 3916 350 4003; x_wconf 89' lang='lat' dir='ltr'>imo</span> <span class='ocrx_word' id='word_1_198' title='bbox 390 3949 578 4036; x_wconf 80' lang='lat' dir='ltr'>pugnum</span> <span class='ocrx_word' id='word_1_199' title='bbox 603 3921 649 4008; x_wconf 90' lang='lat' dir='ltr'>in</span> <span class='ocrx_word' id='word_1_200' title='bbox 681 3920 873 4007; x_wconf 86' lang='lat' dir='ltr'>hiantem</span> <span class='ocrx_word' id='word_1_201' title='bbox 899 3929 989 4036; x_wconf 88' lang='lat' dir='ltr'>ejus</span> <span class='ocrx_word' id='word_1_202' title='bbox 1024 3927 1296 4010; x_wconf 84' lang='lat' dir='ltr'>tremendum</span> <span class='ocrx_word' id='word_1_203' title='bbox 1332 3912 1493 4011; x_wconf 69' lang='lat' dir='ltr'>rictum⁸</span> <span class='ocrx_word' id='word_1_204' title='bbox 1526 3903 1723 4011; x_wconf 80' lang='lat' dir='ltr'>audacter</span> <span class='ocrx_word' id='word_1_205' title='bbox 1762 3924 1949 4008; x_wconf 81' lang='lat' dir='ltr'>inserere</span> 
     </span>
     <span class='ocr_line' id='line_1_24' title="bbox 261 4071 1950 4189; baseline 0.002 -34"><span class='ocrx_word' id='word_1_206' title='bbox 261 4092 422 4186; x_wconf 63' lang='lat' dir='ltr'>possen</span> <span class='ocrx_word' id='word_1_207' title='bbox 449 4071 486 4156; x_wconf 89' lang='lat' dir='ltr'>si</span> <span class='ocrx_word' id='word_1_208' title='bbox 511 4093 613 4159; x_wconf 89' lang='lat' dir='ltr'>tunc</span> <span class='ocrx_word' id='word_1_209' title='bbox 642 4073 885 4161; x_wconf 85' lang='lat' dir='ltr'>iracundiae</span> <span class='ocrx_word' id='word_1_210' title='bbox 912 4073 1078 4189; x_wconf 83' lang='lat' dir='ltr'>signum</span> <span class='ocrx_word' id='word_1_211' title='bbox 1114 4076 1283 4162; x_wconf 85' lang='lat' dir='ltr'>fremitu</span> <span class='ocrx_word' id='word_1_212' title='bbox 1317 4078 1387 4161; x_wconf 87' lang='lat' dir='ltr'>vel</span> <span class='ocrx_word' id='word_1_213' title='bbox 1423 4076 1557 4164; x_wconf 90' lang='lat' dir='ltr'>oculis</span> <span class='ocrx_word' id='word_1_214' title='bbox 1592 4076 1798 4176; x_wconf 75' lang='lat' dir='ltr'>dedisset,</span> <span class='ocrx_word' id='word_1_215' title='bbox 1834 4102 1950 4159; x_wconf 87' lang='lat' dir='ltr'>com·</span> 
     </span>
     <span class='ocr_line' id='line_1_25' title="bbox 263 4221 1952 4345; baseline 0.001 -37"><span class='ocrx_word' id='word_1_216' title='bbox 263 4225 511 4337; x_wconf 85' lang='lat' dir='ltr'>pescebatur</span> <span class='ocrx_word' id='word_1_217' title='bbox 546 4254 650 4311; x_wconf 84' lang='lat' dir='ltr'>voce</span> <span class='ocrx_word' id='word_1_218' title='bbox 685 4221 871 4310; x_wconf 87' lang='lat' dir='ltr'>hominis</span> <span class='ocrx_word' id='word_1_219' title='bbox 904 4248 949 4311; x_wconf 87' lang='lat' dir='ltr'>et</span> <span class='ocrx_word' id='word_1_220' title='bbox 984 4227 1073 4314; x_wconf 84' lang='lat' dir='ltr'>levi</span> <span class='ocrx_word' id='word_1_221' title='bbox 1106 4230 1303 4344; x_wconf 88' lang='lat' dir='ltr'>adspersu</span> <span class='ocrx_word' id='word_1_222' title='bbox 1338 4257 1490 4344; x_wconf 81' lang='lat' dir='ltr'>equae,</span> <span class='ocrx_word' id='word_1_223' title='bbox 1531 4259 1615 4345; x_wconf 92' lang='lat' dir='ltr'>quo</span> <span class='ocrx_word' id='word_1_224' title='bbox 1650 4224 1854 4313; x_wconf 88' lang='lat' dir='ltr'>delectari</span> <span class='ocrx_word' id='word_1_225' title='bbox 1889 4221 1952 4310; x_wconf 80' lang='lat' dir='ltr'>vi·</span> 
     </span>
     <span class='ocr_line' id='line_1_26' title="bbox 264 4373 1949 4496; baseline 0.001 -37"><span class='ocrx_word' id='word_1_226' title='bbox 264 4373 453 4461; x_wconf 89' lang='lat' dir='ltr'>debatur.</span> <span class='ocrx_word' id='word_1_227' title='bbox 482 4383 523 4487; x_wconf 81' lang='grc'>*)</span> <span class='ocrx_word' id='word_1_228' title='bbox 551 4428 606 4445; x_wconf 90' lang='grc'><strong>-</strong></span> <span class='ocrx_word' id='word_1_229' title='bbox 633 4380 772 4492; x_wconf 81' lang='lat' dir='ltr'>Caput</span> <span class='ocrx_word' id='word_1_230' title='bbox 790 4376 916 4474; x_wconf 84' lang='lat' dir='ltr'>variis</span> <span class='ocrx_word' id='word_1_231' title='bbox 930 4378 1067 4473; x_wconf 82' lang='lat' dir='ltr'>lituris</span> <span class='ocrx_word' id='word_1_232' title='bbox 1088 4378 1219 4494; x_wconf 87' lang='lat' dir='ltr'>nigris</span> <span class='ocrx_word' id='word_1_233' title='bbox 1240 4379 1414 4466; x_wconf 87' lang='lat' dir='ltr'>minutis</span> <span class='ocrx_word' id='word_1_234' title='bbox 1435 4378 1747 4496; x_wconf 80' lang='lat' dir='ltr'>elegantissime</span> <span class='ocrx_word' id='word_1_235' title='bbox 1769 4376 1949 4495; x_wconf 79' lang='lat' dir='ltr'>pictum,</span> 
     </span>
    </p>
   </div>
   <div class='ocr_carea' id='block_1_4' title="bbox 350 4678 1951 5033">
    <p class='ocr_par' dir='ltr' id='par_1_4' title="bbox 350 4678 1951 5033">
     <span class='ocr_line' id='line_1_27' title="bbox 350 4678 1951 4792; baseline 0.002 -36"><span class='ocrx_word' id='word_1_236' title='bbox 350 4678 470 4785; x_wconf 74' lang='lat' dir='ltr'>⁸)1t.</span> <span class='ocrx_word' id='word_1_237' title='bbox 499 4681 646 4761; x_wconf 78' lang='lat' dir='ltr'>Paulus</span> <span class='ocrx_word' id='word_1_238' title='bbox 672 4688 820 4781; x_wconf 80' lang='lat' dir='ltr'>Venetus,</span> <span class='ocrx_word' id='word_1_239' title='bbox 846 4696 884 4767; x_wconf 77' lang='lat' dir='ltr'>de</span> <span class='ocrx_word' id='word_1_240' title='bbox 906 4692 994 4764; x_wconf 77' lang='lat' dir='ltr'>rebus</span> <span class='ocrx_word' id='word_1_241' title='bbox 1024 4693 1169 4767; x_wconf 76' lang='lat' dir='ltr'>oriental-</span> <span class='ocrx_word' id='word_1_242' title='bbox 1201 4691 1271 4768; x_wconf 70' lang='lat' dir='ltr'>iii.</span> <span class='ocrx_word' id='word_1_243' title='bbox 1303 4689 1356 4766; x_wconf 82' lang='lat' dir='ltr'>ii.</span> <span class='ocrx_word' id='word_1_244' title='bbox 1389 4714 1447 4787; x_wconf 82' lang='lat' dir='ltr'>up</span> <span class='ocrx_word' id='word_1_245' title='bbox 1497 4717 1552 4792; x_wconf 87' lang='lat'>¹7·</span> <span class='ocrx_word' id='word_1_246' title='bbox 1585 4693 1698 4764; x_wconf 81' lang='lat' dir='ltr'>refert</span> <span class='ocrx_word' id='word_1_247' title='bbox 1728 4692 1858 4764; x_wconf 80' lang='lat' dir='ltr'>iiublei</span> <span class='ocrx_word' id='word_1_248' title='bbox 1888 4690 1951 4761; x_wconf 77' lang='lat' dir='ltr'>rel</span> 
     </span>
     <span class='ocr_line' id='line_1_28' title="bbox 417 4807 1950 4928; baseline 0.001 -51"><span class='ocrx_word' id='word_1_249' title='bbox 417 4807 595 4919; x_wconf 75' lang='lat' dir='ltr'>Cbubilee</span> <span class='ocrx_word' id='word_1_250' title='bbox 615 4811 792 4928; x_wconf 20' lang='lat' dir='ltr'>‘ebenum</span> <span class='ocrx_word' id='word_1_251' title='bbox 825 4815 924 4905; x_wconf 74' lang='lat' dir='ltr'>apud</span> <span class='ocrx_word' id='word_1_252' title='bbox 955 4820 1054 4883; x_wconf 85' lang='lat' dir='ltr'>Sinas</span> <span class='ocrx_word' id='word_1_253' title='bbox 1087 4822 1123 4884; x_wconf 83' lang='lat' dir='ltr'>in</span> <span class='ocrx_word' id='word_1_254' title='bbox 1156 4822 1349 4885; x_wconf 85' lang='lat' dir='ltr'>venatione</span> <span class='ocrx_word' id='word_1_255' title='bbox 1381 4815 1587 4884; x_wconf 84' lang='lat' dir='ltr'>adhibuisse</span> <span class='ocrx_word' id='word_1_256' title='bbox 1619 4821 1729 4885; x_wconf 85' lang='lat' dir='ltr'>etiam</span> <span class='ocrx_word' id='word_1_257' title='bbox 1759 4812 1950 4906; x_wconf 63' lang='lat' dir='ltr'>tygrides,</span> 
     </span>
     <span class='ocr_line' id='line_1_29' title="bbox 421 4925 1951 5033; baseline -0.002 -32"><span class='ocrx_word' id='word_1_258' title='bbox 421 4948 511 5033; x_wconf 71' lang='lat' dir='ltr'>quus</span> <span class='ocrx_word' id='word_1_259' title='bbox 536 4936 672 5006; x_wconf 65' lang='lat' dir='ltr'>hones</span> <span class='ocrx_word' id='word_1_260' title='bbox 698 4943 821 5028; x_wconf 77' lang='lat' dir='ltr'>vocat,</span> <span class='ocrx_word' id='word_1_261' title='bbox 846 4941 1003 5032; x_wconf 71' lang='lat' dir='ltr'>majores</span> <span class='ocrx_word' id='word_1_262' title='bbox 1028 4937 1249 5030; x_wconf 83' lang='lat' dir='ltr'>Babyloniis,</span> <span class='ocrx_word' id='word_1_263' title='bbox 1275 4925 1426 5010; x_wconf 69' lang='lat' dir='ltr'>et&#39;vsiii</span> <span class='ocrx_word' id='word_1_264' title='bbox 1446 4928 1596 5029; x_wconf 41' lang='lat' dir='ltr'>colorisp</span> <span class='ocrx_word' id='word_1_265' title='bbox 1616 4929 1706 5028; x_wconf 81' lang='lat' dir='ltr'>albi,</span> <span class='ocrx_word' id='word_1_266' title='bbox 1727 4939 1822 5027; x_wconf 74' lang='lat' dir='ltr'>nigri</span> <span class='ocrx_word' id='word_1_267' title='bbox 1839 4941 1951 5024; x_wconf 74' lang='lat' dir='ltr'>etque</span> 
     </span>
    </p>
   </div>
   <div class='ocr_carea' id='block_1_5' title="bbox 0 0 2222 5908">
    <p class='ocr_par' dir='ltr' id='par_1_5' title="bbox 0 0 2222 5908">
     <span class='ocr_line' id='line_1_30' title="bbox 0 0 2222 5908; baseline 0 0"><span class='ocrx_word' id='word_1_268' title='bbox 0 0 2222 5908; x_wconf 95' lang='lat' dir='ltr'> </span> 
     </span>
    </p>
   </div>
  </div>
 </body>
</html>
