4410 5910
263 370 356 473 264
1028 384 1182 439 ΕΞ

263 594 460 694 fractum,
489 585 595 706 quid
623 585 779 673 mirum
807 583 844 673 si
870 582 1094 703 pigritiae,
1119 580 1331 670 tarditatis
1358 603 1403 669 et
1423 578 1708 697 ignobilitatis
1728 584 1956 701 pessimam

260 743 488 859 acquisivit
514 746 670 827 famam
697 763 742 827 et
770 774 794 825 a
822 744 910 825 sera
937 740 1069 854 stirpe
1105 738 1285 825 multum
1326 737 1621 851 degeneravit,
1664 740 1768 823 dum
1810 764 1955 827 contra

258 900 457 986 Caballus
496 926 598 979 cura
639 892 826 977 hominis
868 891 1085 1006 pulcrior,
1129 898 1287 1003 major,
1336 891 1649 1007 perfectiorque
1689 891 1827 979 lactus
1867 915 1955 1001 est,

255 1080 384 1166 quam
411 1048 457 1133 in
484 1070 595 1132 statu
621 1068 865 1161 spontaneo.
938 1051 987 1127 In
1015 1042 1175 1131 Arabia
1202 1065 1247 1129 et
1271 1042 1520 1129 australiore
1549 1042 1690 1129 Persia
1719 1044 1795 1131 ubi
1822 1052 1956 1159 major

255 1202 369 1288 circa
397 1200 535 1285 asinos
563 1230 662 1283 cura
691 1200 841 1281 dantur
867 1198 1002 1281 multo
1037 1196 1290 1311 pulcriores,
1335 1194 1503 1309 onagris
1543 1194 1706 1281 similes
1746 1218 1793 1281 et
1832 1226 1955 1283 cursu

256 1382 392 1469 aeque
421 1350 594 1436 velocis.
665 1354 714 1431 In
743 1354 910 1463 Europa
939 1346 1164 1434 domestici
1193 1348 1325 1433 etiam
1359 1379 1383 1432 a
1410 1349 1553 1435 colore
1581 1349 1745 1465 Onagri
1773 1351 1954 1463 degene-

255 1526 418 1603 rarunt;
445 1506 576 1587 modo
604 1499 721 1592 enirn
749 1498 1023 1614 leucophaei,
1063 1499 1339 1617 plumbeique
1369 1504 1498 1585 modo
1527 1500 1656 1607 susci,
1699 1502 1836 1588 immo
1866 1501 1954 1588 albi

254 1682 299 1745 et
324 1655 438 1771 nigri
462 1653 596 1738 etiam
625 1676 871 1755 nascuntur,
915 1674 1049 1737 rostro
1091 1674 1236 1736 tamen
1262 1650 1377 1737 circa
1404 1682 1451 1737 os
1480 1673 1525 1737 et
1552 1684 1672 1739 nares
1700 1682 1870 1770 semper
1897 1654 1954 1739 al·

254 1809 447 1911 bicante,
476 1828 521 1891 et
548 1833 673 1890 cruce
700 1805 821 1919 nigra
847 1835 940 1888 raro
969 1801 1178 1889 destituti.
1248 1811 1298 1887 In
1339 1805 1498 1919 Anglia
1538 1806 1667 1919 vulgo
1707 1808 1838 1921 plane
1881 1810 1950 1895 ab·

254 1959 392 2045 scissis
423 1958 588 2043 auribus
616 1956 776 2041 miselli
804 1955 1011 2061 serviunt,
1056 1962 1173 2067 cujus
1201 1954 1409 2041 rationem
1438 1958 1605 2074 accepi,
1648 1979 1696 2041 ut
1724 1958 1810 2042 sint
1837 1958 1953 2075 quie·

251 2112 383 2199 tiores
410 2133 457 2195 et
485 2108 618 2222 magis
645 2108 914 2207 obedientes;
944 2107 1131 2193 creditur
1157 2107 1295 2211 enim,
1325 2132 1498 2224 propter
1527 2108 1855 2226 amplitudinem
1883 2142 1952 2199 ex·

252 2263 364 2348 temi
393 2260 540 2375 organi
568 2260 754 2362 auditus,
797 2259 925 2345 nimis
965 2291 1039 2345 eos
1075 2258 1187 2345 affici
1216 2282 1260 2344 et
1288 2260 1487 2346 attonitos
1513 2263 1636 2379 quasi
1665 2260 1788 2371 reddi
1814 2298 1843 2349 a
1871 2266 1950 2351 cla·

251 2414 440 2499 moribus
468 2437 511 2497 et
539 2411 717 2527 strepitu
746 2411 860 2497 circa
888 2442 932 2495 se
960 2411 1174 2509 excitato,
1203 2412 1316 2495 unde
1344 2414 1624 2499 observabilis
1652 2442 1802 2501 eorum
1824 2414 1950 2505 hebe-

250 2570 354 2653 tudo
383 2588 428 2651 et
455 2563 769 2667 inobedientia,
800 2594 908 2678 quae
938 2561 1132 2649 abscissis
1160 2562 1329 2651 auribus
1356 2564 1574 2651 minuitur.

389 2728 432 2816 β.
463 2718 632 2827 Onager
658 2717 744 2798 fera
770 2716 1014 2830 progenies,
1057 2716 1103 2801 in
1148 2716 1400 2803 mistralibus
1436 2718 1613 2805 desertis
1641 2718 1842 2807 Tatariae
1868 2752 1952 2809 ma·

251 2898 359 2985 gnae
401 2891 446 2952 et
486 2866 650 2957 Persiae
671 2982 674 2987 .
692 2865 950 2951 cohortatiui
993 2867 1132 2955 adhuc
1176 2892 1351 2985 vagatur
1389 2870 1683 2957 australiorum
1727 2874 1952 2989 regionum

252 3022 480 3121 amantior,
517 3042 660 3107 tamen
689 3020 849 3107 aestivo
876 3044 1068 3136 tempore
1096 3051 1226 3135 usque
1254 3023 1309 3107 ad
1337 3022 1673 3137 septentrionem
1708 3026 1838 3111 maris
1866 3058 1951 3113 cas

248 3173 335 3289 pii,
377 3202 603 3267 excurrens
639 3195 684 3259 et
711 3173 926 3258 interdum
955 3175 1009 3261 ad
1034 3176 1247 3276 Jembam,
1288 3180 1453 3259 Ja‘t‘cum
1479 3198 1528 3259 et
1552 3174 1667 3261 Irtin·
1688 3177 1949 3265 observatus.

249 3326 478 3425 Incedunt,
521 3348 570 3411 ut
607 3324 808 3441 equiferi,
854 3327 964 3410 duce
1000 3326 1137 3439 gregis
1166 3324 1394 3437 fortissimo
1437 3324 1684 3413 admissario
1713 3352 1767 3445 ¹et
1812 3360 1952 3417 morsu

251 3506 386 3591 aeque
414 3509 462 3565 ac
491 3478 714 3565 calcitratu
743 3500 942 3594 pugnant.
1000 3475 1226 3561 Hominem
1273 3481 1382 3563 bene
1419 3502 1694 3595 conspectum
1733 3482 1951 3569 rudientes

249 3650 366 3711 tanta
395 3632 614 3715 celeritate
644 3632 831 3743 fugiunt,
881 3652 929 3713 ut
957 3627 1245 3714 velocissimos
1272 3660 1404 3744 equos
1432 3632 1558 3745 longe
1598 3657 1696 3749 post
1735 3662 1804 3771 se..
1825 3634 1951 3719 reliu-

250 3764 417 3892 quant.,'
451 3782 562 3865 Caro
589 3810 839 3893 onagrorum
865 3783 1058 3866 laudatur
1087 3814 1112 3867 a
1137 3780 1417 3867 Nomadibus.
1472 3788 1608 3870 Dorsa
1636 3788 1691 3871 ad
1712 3786 1953 3903 granulatim

251 3931 386 4047 pelles
415 3936 655 4045 (Schogrin)
688 3934 1063 4049 praestantissima,
1091 3933 1285 4049 quamvis
1314 3938 1366 4020 ad
1394 3932 1509 4021 hunc
1537 3968 1658 4023 usum
1677 3937 1814 4041 etiarn
1835 3936 1954 4056 equi·

250 4114 302 4169 na
330 4106 377 4169 et
407 4083 569 4171 asinina
596 4085 879 4173 adhibeantur
904 4110 1087 4199 tergora.
1143 4091 1323 4177 Modum
1351 4085 1429 4174 has
1469 4090 1605 4207 pelles
1644 4090 1828 4207 parandi
1869 4086 1954 4211 pri·
2023 4120 2031 4139 ·

249 4266 342 4321 mus
382 4237 572 4331 exactius
613 4239 819 4354 exposui,
874 4238 990 4354 prius
1036 4238 1285 4354 imperfecte
1339 4240 1619 4357 descripserat
1676 4244 1954 4359 Valentyrt

253 4386 298 4473 in
328 4421 432 4475 nius.
460 4396 638 4477 Museor.
669 4391 793 4501 (edit.
823 4404 975 4506 gerru.)
1003 4400 1086 4479 vot
1114 4397 1149 4475 Ι.
1184 4426 1225 4509 ρ.
1254 4408 1350 4501 439.
1393 4396 1467 4481 lib.
1494 4398 1571 4480 lli.
1612 4426 1707 4525 cap.
1743 4396 1952 4493 ro.,Sin0

248 4544 765 4631 fundamentadubiravis
805 4546 1387 4663 cet.13etman(z.beu.p.
1417 4554 1531 4667 235.)Ι
1570 4546 1752 4669 Asinum
1783 4574 1951 4671 sponta-

252 4724 378 4779 neum
406 4721 594 4783 nostrum
623 4728 723 4783 vere
752 4728 842 4783 esse
869 4700 1087 4811 Onagrum
1128 4699 1415 4814 antiquorum,
1457 4701 1557 4787 loto.
1588 4702 1860 4821 fbilostorgii
1886 4702 1948 4791 iu·

253 4844 424 4961 sistens,
449 4849 528 4964 qui
555 4848 704 4967 utique
733 4854 913 4939 Zebram
941 4852 1091 4941 voluit
1161 4852 1277 4971 Quid
1306 4853 1342 4939 si
1370 4854 1435 4939 vir
1462 4858 1549 4943 Cel.
1579 4856 1820 4983 Oppianum
1835 4886 1945 4983 ¹ctus·
