4410 5910
1013 432 1217 486 see-‚⁴
1374 556 1377 561 Δ
1881 418 1941 534 59

250 635 521 736 scandatum,
551 655 647 720 cute
676 632 771 721 alba
798 636 869 721 vel
896 635 1031 736 disca,
1060 603 1249 751 itemque
1270 632 1521 750 hybridam,
1553 636 1720 722 auribus
1742 660 1785 720 et
1806 640 1939 723 cauda

251 786 423 883 villosa,
452 816 632 902 corpore.
653 790 822 872 nudum.
841 785 981 897 vidi,)
1016 786 1173 903 passim
1201 787 1466 873 introductae
1495 813 1610 891 sunt,
1655 810 1697 871 et
1725 818 1803 903 per
1830 787 1940 904 sibi7

249 936 360 1034 riam
387 968 554 1052 quoque
582 938 908 1055 multiplicatae,
939 938 1124 1025 maxime
1152 969 1204 1023 ea
1229 939 1470 1056 occasione,
1502 942 1631 1055 qirum
1659 940 1764 1054 olim
1794 940 1938 1056 Sinon-⁷

250 1089 366 1174 tibus
394 1120 493 1175 caro
521 1090 757 1177 ementibus
790 1090 939 1177 selecti
967 1120 1109 1194 canes,
1152 1115 1354 1209 tanquam
1381 1121 1502 1176 merx
1529 1089 1756 1179 Kiachtam
1785 1090 1942 1178 deferri

247 1244 435 1343 solebat,
474 1243 610 1326 donec
638 1242 846 1358 praetium
872 1243 1110 1358 frequentia
1137 1243 1412 1329 vendentium
1439 1242 1645 1359 decrevit,
1660 1298 1705 1317 -·
1733 1242 1939 1328 Aestima.

247 1393 415 1479 tissima
443 1416 583 1477 autem
609 1405 807 1499 namtas,
838 1398 948 1511 apud
963 1394 1227 1482 ¹Caucasicas
1242 1394 1490 1511 praesertim
1509 1418 1654 1508 gentes
1675 1416 1719 1477 et
1738 1395 1786 1478 in
1812 1392 1941 1507 Chen

249 1575 399 1630 soneso
425 1545 584 1631 taurica
629 1570 847 1660 generata,
887 1557 1003 1633 canis
1042 1550 1178 1667 Graji,
1206 1577 1313 1662 quae
1343 1546 1516 1661 quidem
1544 1545 1590 1630 in
1621 1547 1817 1631 Caucaso·
1835 1577 1942 1630 sums

251 1707 346 1782 uiae
375 1697 639 1811 proceritatis
659 1721 712 1783 et
739 1666 921 1803 roboris,
952 1701 1004 1783 ad
1033 1728 1254 1785 cervorum
1281 1696 1570 1800 uenationem,
1607 1695 1797 1811 itemque
1825 1699 1943 1812 lupos

252 1858 366 1953 rum,
409 1847 456 1932 in
484 1849 638 1933 Tauria
665 1850 913 1971 praesertim
940 1849 1192 1966 pernicitate
1217 1872 1267 1957 ,et
1307 1849 1557 1964 gracilentis
1598 1849 1755 1935 nobilis
1779 1871 1862 1933 ‚est
1900 1871 1944 1933 et

251 1999 471 2116 capiendis
518 2000 733 2117 leporibus
770 2001 997 2118 aptissima.
1067 2007 1248 2087 Maximi
1286 2025 1430 2087 tamen
1472 2002 1669 2087 dicuntur
1707 2000 1753 2085 in
1794 1999 1943 2115 Roscia

251 2151 481 2268 procreati,
526 2174 571 2237 et
611 2154 816 2239 celebrati
855 2154 1066 2270 imprimis
1099 2158 1429 2240 Jaroslavienses.
1500 2155 1724 2240 Caeterum
1753 2154 1944 2277 vulgares

252 2333 377 2390 canes
419 2304 615 2408 rusticos,
659 2304 908 2420 praesertim
949 2306 1170 2411 Sibiricos,
1209 2308 1261 2390 ad
1303 2303 1481 2423 quoduis
1523 2303 1759 2390 venationis
1800 2333 1942 2419 genus,

243 2458 370 2571 'quod
398 2487 484 2541 non
512 2488 718 2543 summam
746 2455 1019 2544 velocitatem
1046 2458 1246 2572 requirit,
1288 2456 1456 2541 institui
1496 2488 1618 2573 posse
1661 2479 1824 2543 certum
1865 2423 1943 2555 est.

252 2611 358 2692 Sunt
385 2607 513 2710 enim,
544 2637 648 2724 quos
663 2613 717 2695 ad
746 2639 867 2720 ursos·
889 2608 1205 2725 investigandos
1234 2630 1279 2692 et
1305 2607 1570 2695 lacessendos
1590 2608 1820 2710 instruunt,
1850 2629 1946 2692 suut

255 2763 309 2845 ad
335 2761 467 2844 Alces
509 2762 765 2848 assultandas
806 2760 943 2864 docti,
978 2761 1171 2876 denique
1203 2764 1267 2845 ad
1308 2761 1540 2848 Zibellinas
1571 2762 1843 2875 *detegendas
1883 2758 1944 2843 ita

235 2911 402 2999 'callidi
430 2914 585 3026 dantur*
608 2943 752 3016 canes,
794 2936 843 2998 ut
870 2913 1189 3016 animalculum,
1239 2914 1276 2997 si
1301 2937 1515 3028 nequeant
1541 2943 1711 3030 capere,
1753 2910 1809 2996 in
1827 2913 1944 3021 arbo·

252 3095 345 3171 rem
372 3066 836 3179 quandam'confugere
863 3088 1035 3180 cogant,
1065 3089 1108 3150 et
1136 3065 1255 3180 signo
1274 3064 1476 3152 .venatori
1521 3095 1626 3151 voce
1653 3066 1754 3150 dato
1771 3062 1945 3148 ,tamdiu

253 3215 517 3319 custodiunt,
548 3219 686 3303 donec
713 3216 751 3302 is
776 3218 831 3302 ad
850 3216 1252 3334 occidendamtelo
1281 3217 1539 3303 Zibellinam
1565 3215 1786 3301 insecutus<
1804 3214 1944 3299 fuerit.

254 3365 564 3454 Camtschatici
590 3398 716 3454 canes
744 3368 932 3485 aprima
957 3376 1176 3483 juventute
1200 3373 1252 3456 ad
1263 3369 1492 3456 ,trahendas
1519 3365 1660 3453 trahas
1690 3364 1827 3467 docti,
1857 3363 1945 3478 nula

256 3519 321 3605 los
349 3520 515 3606 labores
541 3543 753 3623 recusant,
781 3495 1029 3607 tenuissimti
1044 3554 1068 3606 e
1081 3523 1263 3639 piscium
1285 3519 1656 3637 semiputridorum
1684 3516 1821 3602 aristis
1850 3543 1945 3599 con·

254 3693 391 3757 stante
419 3670 809 3786 cib01contentiet
837 3703 960 3790 saepe
989 3676 1095 3759 adeo
1124 3673 1331 3777 famelici,
1366 3695 1413 3757 ut
1439 3670 1655 3756 traharum
1682 3692 1726 3755 et
1753 3675 1946 3790 jugornps

254 3825 345 3911 lora
358 3827 529 3929 rodant,
559 3823 645 3910 uisi
667 3844 899 3912 arceantur.
955 3831 1055 3928 Hos,
1085 3857 1139 3911 ne
1169 3825 1336 3911 adtritis
1361 3824 1410 3908 in
1437 3822 1618 3938 glaciata
1643 3819 1946 3936 niuezpedibus

255 3976 400 4062 claudi
425 3980 547 4080 fiant,
577 3976 876 4062 calceamentis
904 4008 928 4064 e
955 3978 1073 4063 corio
1099 3977 1274 4068 indutos
1296 4006 1462 4063 currere
1505 3974 1807 4086 adsuefaciunt.
1874 3973 1946 4083 Ad

253 4127 466 4215 leniseam
494 4152 539 4216 et
567 4135 725 4214 Lanam
752 4128 882 4253 etiam
910 4129 1178 4217 venatoribus
1213 4129 1370 4246 hyeme
1407 4158 1571 4243 semper
1599 4110 1729 4212 canes¹
1755 4127 1947 4213 laborum

258 4282 436 4367 comites
465 4304 580 4384 sunt,
618 4305 663 4366 et
697 4280 743 4367 iu
778 4280 918 4396 parvis
936 4281 1079 4399 ,trahis
1109 4314 1318 4369 annonam
1339 4272 1390 4366 ⁸et
1417 4279 1525 4364 retia
1554 4281 1684 4391 atque
1707 4275 1945 4392 supellecti-

259 4433 345 4520 lem
373 4431 554 4538 vehunt,
584 4432 769 4519 dominis
796 4434 1032 4519 fidelissimi
1057 4436 1322 4550 pedissequi,
1351 4458 1396 4519 et
1424 4464 1521 4530 cum
1547 4430 1694 4515 nivosa
1720 4447 1946 4542 tempestas

260 4582 444 4688 incidit,
479 4586 607 4671 circa.
628 4583 779 4671 herum
820 4589 1069 4673 accubantes
1097 4610 1142 4673 et
1183 4618 1258 4674 suo
1291 4589 1417 4673 illum
1445 4613 1620 4698 corpore
1650 4577 1946 4676 refocillantes,

243 4735 345 4822 nisi
369 4737 536 4850 tuguria
565 4736 783 4850 adtingere
799 4738 988 4854 possint,
1010 4770 1208 4855 quorsum
1236 4742 1366 4827 etiam
1394 4751 1722 4850 tempestuosam
1747 4759 1824 4845 per
1850 4755 1947 4812 noc·

267 4903 373 4994 tem,
398 4886 625 4977 *sincuiae
652 4889 835 5007 vestigio
843 4921 868 4999 ,ί
897 4894 989 4980 s'olo
1017 4895 1176 4983 olfactu
1211 4893 1343 4993 ducti,
1369 4891 1546 4975 tendere
1572 4884 1759 4974 ‚callent-
1804 4886 1948 4966 ·Prae·

1420 5051 1444 5100 ἢ
