4410 5910
1024 319 1171 380 ἓξ
1843 324 1936 408 499

254 526 443 624 aviculas
471 523 757 649 sylvestrisin
784 542 1022 628 caussasse
1050 511 1266 628 ¹videntur,
1311 553 1385 610 cur
1412 555 1497 610 non
1526 520 1785 637 frequentius
1813 553 1936 635 appa·

253 708 357 769 teat.
426 683 666 785 Rariorem,
707 713 834 797 quam
867 680 915 766 in
942 686 1127 795 Europa,
1154 708 1267 778 esse,
1306 677 1377 764 vel
1414 678 1562 765 deesse
1596 671 1770 765 Rosciae
1799 679 1938 786 Regu-

251 835 336 940 los,
367 834 542 920 minime
570 833 767 919 dixerim.
1006 937 1010 943 ἱ

389 988 537 1070 Nota.
594 988 766 1072 Macula
793 985 964 1081 verticis
991 973 1125 1070 medii
1152 979 1376 1067 flavissima
1402 981 1571 1082 eadem,
1599 1008 1706 1093 quae
1734 978 1781 1063 in
1810 984 1936 1064 Euro·

249 1166 376 1252 paea,
419 1158 463 1220 et
489 1137 615 1252 paulo
651 1137 789 1221 minus
816 1134 1025 1251 insignem
1053 1135 1099 1220 in
1140 1136 1290 1219 eodem
1333 1130 1552 1216 Surinamo
1595 1131 1734 1217 adlata
1774 1128 1939 1218 avicula

252 1285 494 1400 observavi,
533 1288 634 1371 alias
661 1286 895 1373 simillima.
1583 1328 1586 1334 ·

487 1436 609 1518 133.
707 1406 1287 1521 NIOTACILLA
1356 1360 1710 1535 Proregulus.

259 1536 266 1572 Ἰ
386 1568 449 1651 Μ.
477 1598 598 1682 supra
627 1565 857 1670 virescens,
888 1576 1029 1656 subtus
1058 1569 1239 1685 pallida,
1279 1564 1397 1652 vittis
1423 1565 1761 1680 supraciliaribus
1788 1568 1940 1654 coadu-

249 1717 360 1805 natis
388 1718 525 1820 flavis,
557 1717 753 1834 lineaque
782 1721 953 1808 verticis
982 1721 1156 1836 pallida.

469 1873 636 1955 Yellow
665 1872 835 1956 browed
864 1879 1019 1974 Wren,
1056 1875 1246 1954 Latham.
1274 1901 1369 1981 syn.
1399 1899 1465 1952 au.
1493 1869 1566 1951 IV.
1609 1900 1649 1979 p.
1677 1881 1771 1976 459.
1801 1901 1841 1954 n.
1872 1882 1939 1956 61.

389 2024 507 2104 Hanc
538 2019 891 2132 elegantissimam
920 2044 964 2104 et
992 2020 1316 2104 minutissimam
1356 2018 1467 2102 inter
1501 2040 1703 2103 nostrates
1731 2019 1941 2106 aviculam

250 2167 381 2255 initio
411 2170 515 2282 Maji
545 2172 597 2253 ad
626 2171 835 2282 Ingodam
856 2173 899 2253 fl,
928 2171 1110 2254 Dauriae
1140 2169 1381 2271 observavi,
1411 2192 1455 2252 et
1482 2169 1586 2253 licet
1614 2170 1777 2284 Regulo
1806 2167 1936 2256 simil·

251 2317 356 2404 lima
385 2320 459 2421 sit,
490 2319 731 2404 distinctam
762 2343 900 2405 tamen
929 2350 1018 2406 esse
1047 2320 1210 2435 specie,
1249 2317 1424 2403 minime
1452 2317 1616 2404 dubito.
1667 2290 1671 2300 ¹

390 2471 560 2554 Descr.
615 2473 864 2584 Magnitudo
910 2494 954 2556 et
997 2468 1124 2555 facies
1167 2469 1340 2553 omnino
1368 2469 1537 2585 Reguli.
1605 2474 1797 2557 Rostrum
1823 2500 1943 2587 supe·

253 2617 339 2704 rius
368 2619 559 2731 nigrum,
587 2621 761 2706 maxilla
789 2621 988 2707 inferiore
1018 2622 1269 2721 lutescente;
1297 2620 1420 2736 apice
1448 2622 1576 2706 fusca.
1603 2597 1607 2603 .
1636 2623 1852 2706 Plumulae
1880 2651 1944 2706 su·

251 2801 328 2886 pra
356 2799 475 2853 nares
504 2770 637 2856 citreo
652 2823 666 2837 ·
681 2775 813 2857 flavae
857 2796 981 2887 atqua
1024 2769 1126 2855 hinc
1155 2769 1422 2857 continuatur
1437 2779 1629 2857 ‘taeniolu
1657 2771 1852 2887 utrinque
1881 2801 1945 2858 su·

252 2919 489 3035 praciliaris
529 2924 716 3031 ejusdem
756 2921 935 3024 coloris,
987 2950 1094 3035 quae
1135 2919 1402 3004 continuatur
1442 2949 1582 3004 versus
1612 2920 1795 3035 occiput
1834 2929 1947 3008 linea

250 3038 566 3183 ¹subinterrupta
596 3071 711 3173 alba,
750 3092 801 3161 et,
821 3069 1008 3184 compari
1035 3068 1313 3154 connectitur.
1383 3073 1423 3151 V
1420 3090 1532 3154 ertex
1560 3070 1835 3156 intermedius
1861 3072 1944 3155 fus·

254 3249 337 3304 co·
354 3220 584 3316 virescens,
624 3227 732 3306 linea
757 3218 1059 3334 longitudinali
1093 3221 1367 3324 flavescente,
1410 3249 1550 3304 versus
1578 3219 1762 3305 nucham
1788 3220 1944 3307 albida.

253 3372 455 3454 Punctum
485 3372 645 3452 luscum
673 3394 769 3454 ante
799 3342 942 3455 oculos
979 3393 1022 3454 et
1055 3380 1188 3484 striga
1228 3371 1339 3454 fusca
1380 3373 1432 3456 ab
1476 3370 1610 3455 oculis
1644 3375 1704 3459 ad
1746 3370 1943 3456 nucham.

231 3522 439 3630 ¹Dorsum
466 3519 832 3604 cinereo-flavum
862 3523 931 3605 vel
967 3512 1198 3618 virescens,
1237 3543 1286 3605 ut
1326 3543 1371 3604 et
1411 3521 1606 3606 tectrices
1649 3524 1806 3606 caudae
1816 3559 1827 3624 ;
1870 3522 1957 3611 sed,

258 3679 373 3755 Zona
402 3673 487 3753 lata
514 3682 710 3785 uropygii
738 3672 882 3757 albido
899 3675 1049 3756 -llava
1105 3671 1255 3756 Subtus
1291 3668 1456 3756 avicula
1484 3673 1599 3770 alba,
1639 3674 1845 3786 geniculis
1874 3704 1947 3791 pe·

256 3823 359 3906 dum
389 3823 720 3923 flavescentibus.¹
776 3825 883 3908 Alae
910 3822 1070 3922 luscae;
1106 3832 1278 3933 remiges
1312 3857 1369 3932 17·
1399 3821 1533 3908 limbo
1559 3825 1781 3910 exteriore
1799 3829 1944 3930 flavae,

256 3969 461 4058 interiore
491 3970 651 4070 albae;‚
674 3970 814 4088 prima
840 3970 1034 4071 minima3
1078 3981 1261 4057 tectrices
1296 3973 1591 4075 secundariae,
1631 4004 1859 4090 earumque
1888 3987 1946 4060 in-

257 4123 493 4206 cumbentes
529 4121 776 4207 flavescenti
791 4172 806 4187 ·
821 4124 967 4224 albae,
1010 4124 1122 4205 unde
1163 4122 1291 4234 striga
1332 4123 1490 4236 duplex
1532 4126 1704 4210 alarum.
1768 4126 1948 4235 ,Humeri

258 4274 402 4355 subtus
431 4268 537 4373 albi,
569 4270 755 4384 margine
783 4275 906 4355 llavo.
962 4272 1111 4356 Gauda
1138 4272 1377 4359 subbifurca
1405 4274 1538 4372 fusca3
1579 4287 1765 4362 rectrices
1793 4279 1952 4382 acumi-⁴

257 4444 408 4518 natae,
449 4421 533 4506 oris
574 4412 854 4506 exterioribus
894 4419 1227 4506 flavescentibus.
1291 4426 1461 4535 *Pondus
1501 4424 1726 4544 drachmae
1774 4466 1807 4511 r.
1849 4459 1947 4518 cum

259 4573 469 4691 scrupula
519 4577 719 4664 ,Mensura
747 4605 770 4656 a
798 4571 921 4685 rostri
949 4573 1070 4689 apice
1097 4575 1149 4658 ad
1176 4575 1429 4689 uropygium
1450 4580 1508 4676 a'f.
1537 4581 1603 4664 r'“.
1625 4581 1782 4666 caudae
1803 4583 1858 4668 r‘'.
1874 4590 1944 4692 7⁰2

260 4723 420 4808 alarum
447 4753 722 4839 expansamm
751 4729 811 4815 δ”.
840 4728 912 4838 7'''.
941 4727 1065 4811 ulnae
1106 4728 1160 4810 r''.
1196 4726 1287 4810 rom.
1380 4797 1382 4801 ,
1482 4835 1488 4846 Ι

1495 4884 1521 4936 s
